2668 4558
352 168 357 188 “
403 173 486 226 ΚΑΤΑ
503 172 753 227 ΔΗΜΟΣΘΕΝΟΥΣ.
1070 173 1116 232 ’33

38 343 131 424 τέσν,
154 341 210 408 ἒόιν
233 350 435 428 σωφρονῆτε,
465 347 536 420 τοῖς
558 346 797 427 Δημοσθένους
815 341 821 426 Ι
841 340 944 420 ἐλέοις
965 343 1025 429 τὴν
1047 365 1115 410 κοι-
1126 358 1171 408 104

37 447 100 534 νην
126 447 180 512 καὶ
205 446 334 512 δικαίαν
357 441 440 529 όπέρ
463 448 520 533 τῆς
542 444 673 522 πόλεως
695 439 887 529 ἀπολογίαν.
926 439 1034 524 οὐδεὶς
1054 446 1114 531 γάρ

37 544 137 630 όμιῦν
167 542 324 635 ἠνάγκαζε
353 555 469 612 τοῦτον
499 546 542 613 τὰ
563 547 607 634 μὴ
632 546 842 633 προσήκοντα
863 543 1012 635 χρήματα
1033 550 1115 629 λαμ-

36 649 181 736 βάνειν
210 649 293 715 καθ’
317 647 421 731 όμιῖιν,
451 649 567 735 πολλῷ
594 650 699 714 πλείω
729 652 794 716 τῶν
818 649 935 715 ἱκανῶν
959 644 1005 716 δι’
1032 644 1116 731 όμᾶς

38 752 139 834 ἕτερα
162 757 364 837 κεκτημένον,
388 745 461 816 οὐδ’
486 748 731 834 ἀπολογεῖσθαι
754 753 809 816 νῦν
832 747 915 834 ὑπὲρ
937 753 1002 817 τῶν
1026 745 1116 835 ὦμο-

37 851 232 938 λσγημένων
261 847 486 938 ἀδικημάτων,
515 851 689 937 γράψαντα
717 851 801 917 καθ’
826 852 943 919 ἑαυτοῦ
966 851 1115 921 θάνατον

38 958 98 1044 την
126 956 263 1042 ζημίαν·
296 947 415 1042 άλλ’ἡ
445 953 479 1020 ἐκ
506 961 564 1020 τοῦ
595 951 694 1018 ἄλλου
715 951 791 1036 βίου
815 953 959 1046 ἔμφυτος
983 954 1115 1039 αἲσχρο-

40 1060 175 1144 κόρδεια
197 1058 250 1123 καὶ
273 1060 417 1141 πονηρία
439 1061 543 1121 ταῦτα
564 1053 610 1132 εἷς
624 1054 682 1142 τὴν
697 1053 841 1143 κεφαλὴν
858 1053 947 1141 αὕτη]
962 1055 1114 1141 τέτραφε.

41 1163 79 1250 μὴ
106 1149 168 1225 οὗν
192 1157 344 1239 άχθεσθε
369 1151 469 1222 αότοῦ
497 1157 666 1234 κλαίοντος
694 1158 747 1222 καὶ
778 1151 993 1240 όόυρομένου·
1026 1156 1188 1228 πολό109

41 1264 97 1348 γὰρ
124 1254 166 1328 όῖν
191 1256 397 1343 δικαιότερον
421 1257 615 1346 ἐλεήσαιτε
640 1258 698 1347 τὴν
719 1257 842 1342 χώραν,
871 1255 911 1346 ἣν
940 1251 1037 1336 οὗτος
1056 1275 1114 1324 ’κα-

42 1364 201 1450 θίστησιν
226 1361 273 1440 είς
294 1361 371 1438 τοὺς
393 1361 561 1439 κινδύνους
584 1368 723 1428 τοιαῦτα
744 1359 908 1444 πράττων,
938 1358 958 1448 ἣ
981 1359 1058 1438 τοὺς
1080 1360 1117 1440 ἐξ

44 1467 158 1554 ἑαυτῆς
192 1463 423 1550 γεγενημένους
456 1457 540 1546 όμάς
573 1462 721 1544 ίκετεόει,
762 1468 1039 1549 παραστησαμένη
1072 1463 1114 1529 τὰ

46 1565 183 1652 όμέτερα
203 1571 303 1632 τέκνα
324 1568 377 1632 καὶ
400 1575 564 1647 γυναῖκας,
586 1564 844 1652 τιμωρήσασθαι
866 1564 923 1630 τόν
946 1564 1113 1652 προδότην

46 1673 93 1738 καί
117 1670 237 1758 σῴζειν
260 1666 387 1752 ἑαυτήν,
410 1663 496 1752 όπὲρ
519 1661 558 1756 ἧς
581 1667 614 1732 οἱ
636 1666 794 1751 πρόγονοι
813 1667 930 1744 καλοὺς
952 1667 1008 1734 καὶ
1028 1668 1113 1734 πολ-

49 1773 117 1851 λοὺς
138 1769 311 1848 κινδύνους
333 1765 569 1853 ὑπομείναντες
591 1767 769 1852 ἐλευθέραν
792 1763 892 1852 αότην
911 1765 988 1851 ὑμῖν
1003 1794 1114 1853 παρα-

51 1875 235 1952 δεδώκασιν,
259 1871 293 1938 όν
318 1866 340 1960 ᾗ
361 1869 471 1938 πολλά
493 1870 548 1937 καὶ
569 1870 652 1937 καλά
675 1871 924 1956 παραδείγματα
940 1871 1112 1938 λέλειπται

52 1981 105 2064 τῆς
118 1980 179 2043 τῶν
201 1974 464 2066 τελευτησάντων
486 1971 613 2061 ἀρετῆς.
645 1972 690 2050 εἰς
705 1972 825 2059 ταύτην
841 1970 1109 2057 ἀποβλέψαντας,
1126 1982 1186 2044 110

11 2089 14 2192 η
55 2065 280 2165 ιδ’Λθηναῖσι,
303 2076 358 2142 καὶ
381 2074 440 2154 τὰς
462 2075 495 2142 έν
519 2069 599 2162 αὐτῇ
618 2081 790 2160 γινομένας
809 2081 972 2158 πατρίους
986 2073 1111 2153 θυσίας

11 2193 13 2212 ‘
64 2181 111 2244 καὶ
135 2181 184 2258 τὰς
208 2182 276 2248 τῶν
304 2178 476 2263 προγόνων
504 2177 613 2265 θήκας
642 2182 754 2264 φέρειν
784 2179 834 2244 δεῖ
862 2177 940 2256 τοὺς
969 2167 1003 2245 εὗ
1027 2201 1111 2265 φρο-

66 2287 183 2358 νοῦντας
203 2282 262 2371 τὴν
292 2284 421 2366 ψῆφον.
463 2281 515 2346 καὶ
547 2275 625 2346 ὅταν
655 2285 875 2366 Δημοσθένης
903 2279 1111 2367 ἐξαπατῆσαι

51 2381 238 2468 βουλόμενος
266 2385 320 2448 καὶ
348 2382 636 2467 παρακρουόμενος
658 2378 742 2465 όμᾶς
764 2382 942 2470 οἰκτίζηται
969 2386 1022 2450 καὶ
1052 2384 1112 2449 δα-

47 2483 133 2572 κρόῃ,
163 2483 258 2571 ὑμεῖς
287 2484 334 2562 είς
364 2483 402 2550 τό
431 2487 489 2572 τῆς
516 2484 646 2563 πόλεως
672 2482 827 2569 άξίαιμα
857 2485 1111 2571 ἀποβλέψαντες
1143 2555 1146 2562 ,

44 2589 92 2654 καὶ
115 2587 173 2674 τὴν
196 2587 360 2672 πρότερον
384 2584 482 2665 δόξαν
506 2585 604 2672 αὐτῇ
628 2584 838 2670 ὑπάρχουσαν
859 2583 1022 2665 άντίθετε,
1046 2586 1111 2652 πό-

42 2715 133 2773 τερον
160 2685 180 2776 ἡ
210 2689 309 2766 πόλις
339 2686 540 2772 ἐλεεινοτέρα
563 2688 620 2754 διὰ
641 2695 758 2753 τοῦτον
779 2695 909 2774 γέγονεν
932 2681 953 2774 ἢ
975 2687 1031 2754 διόι
1052 2685 1110 2772 τήν

41 2792 138 2858 πόλιν
151 2795 383 2878 Δημοσθένης.
421 2785 573 2878 εὑρήσετε
594 2788 654 2874 γάρ
677 2792 793 2855 τοῦτον
815 2789 875 2872 μὲν
897 2788 1051 2875 λαμπρόν
1074 2790 1111 2870 ἐξ
1124 2795 1183 2856 111

41 2889 75 2961 οὗ
103 2892 340 2982 προσελήλυθε
368 2891 453 2976 πρός
475 2891 513 2957 τό
536 2891 775 2959 πολιτεύεσθαι
797 2896 1022 2980 γεγενημένον,
1054 2895 1107 2961 καὶ

39 2991 110 3064 όντὶ
133 2996 195 3082 μὲν
219 2995 424 3080 λογογράφου
447 2994 503 3061 καὶ
523 2995 651 3077 μισθοῦ
673 2995 732 3073 τὰς
753 2997 845 3072 δίκας
860 2996 1010 3079 λέγοντος
1024 2990 1109 3084 όπὲρ

104 3239 122 3290 3
141 3231 294 3306 ἀπολογίαν
311 3239 381 3287 recte
398 3234 512 3287 defendit
528 3233 669 3298 Μαιίιυετ,
695 3239 832 3305 τιμωρίαν
853 3237 884 3290 ci.
903 3236 1012 3290 Bekker.
1036 3267 1069 3275 -
1092 3242 1110 3291 4

38 3302 231 3374 λαμβάνονται
250 3319 313 3356 corr.
333 3302 412 3356 Wolf.
430 3333 463 3340 —
482 3307 497 3356 6
515 3297 601 3356 άπολο
619 3301 714 3355 εἶσθαι
732 3304 753 3355 Α
771 3319 818 3372 με,
834 3320 921 3357 rasura
940 3308 1063 3356 mutatum
1082 3306 1109 3357 in

36 3370 221 3436 ἀπολεῖσθαι,
244 3371 313 3438 quod
330 3371 436 3439 praebet
453 3371 483 3424 N.
508 3400 542 3408 -
563 3373 579 3426 1
618 3411 624 3435 ,
643 3373 658 3423 2
676 3367 810 3437 ἐλεήσετει
834 3389 897 3425 corr.
916 3373 1022 3424 dobree.
1040 3402 1073 3409 —

37 3443 69 3494 εἶτ
87 3436 155 3493 τσὺε
173 3459 197 3492 κ.
215 3438 366 3503 καθίστησι
384 3439 415 3491 Ν.
435 3468 465 3476 -
484 3442 501 3492 4
519 3433 600 3504 αὐτῆς
617 3441 652 3504 Α,
675 3433 756 3506 αότῆε
772 3444 784 3492 ί
800 3469 834 3478 -
852 3435 919 3506 ἡμᾶς
936 3441 959 3491 Ν
977 3455 1015 3506 pr.
1043 3455 1106 3493 corr.

37 3510 77 3562 N².
101 3537 138 3547 —
164 3510 180 3559 6
197 3503 312 3558 πολλοὺς
328 3509 374 3558 καί
393 3503 505 3558 καλλαδε
521 3506 578 3572 (sic)
596 3507 627 3560 N.
650 3536 683 3546 —
707 3511 721 3559 7
740 3504 848 3580 ἀγῶνας
865 3508 887 3559 Δ
904 3522 950 3573 μα,
968 3477 1109 3560 κινδύνευε

36 3579 69 3628 A*
86 3605 124 3616 -
142 3571 208 3641 όμόν
226 3569 312 3639 αότὴν
328 3573 359 3626 N.
384 3603 417 3612 -
439 3573 529 3632 110.1
554 3571 768 3644 ἀποβλέψαντα
784 3576 807 3628 Ν
825 3591 874 3642 pr„
897 3590 961 3627 corr.
979 3575 1021 3627 N¹.
1040 3580 1106 3629 -ό

36 3640 104 3710 ἡμᾶς
122 3642 145 3694 N
164 3669 199 3680 -
219 3642 364 3705 οἰκτίζεται
381 3642 403 3693 Δ
420 3657 467 3709 pr.¹
486 3657 548 3694 corr.
567 3643 602 3698 A*
620 3673 652 3681 -
671 3639 781 3711 δακρόει
798 3644 820 3694 Α
838 3658 884 3710 ην,
902 3639 996 3711 δακρό.
1013 3642 1036 3694 N
1054 3659 1106 3711 pn:

38 3728 101 3766 corr.
121 3710 202 3764 A¹N¹.
225 3740 259 3749 -
282 3713 297 3762 6
315 3709 397 3774 σῶμα
414 3709 484 3774 ΑΝί,
507 3710 576 3778 quod
593 3710 707 3763 defendit
724 3713 797 3763 Blass
818 3711 876 3763 coll.
894 3710 960 3779 Hyp.
979 3712 989 3762 Ι
1007 3711 1055 3764 col.
1074 3715 1107 3765 23

37 3783 98 3846 (21),
119 3782 167 3832 24:
186 3794 248 3831 corr.
266 3776 408 3843 Markland,
425 3778 457 3833 cs.
475 3777 513 3841 Ill,
531 3781 572 3831 21.
590 3806 625 3818 -
641 3784 656 3831 ’ί
674 3774 847 3847 όπάρχουσαν
864 3774 933 3845 αότῆ
951 3778 973 3830 N
991 3809 1025 3819 -
1043 3779 1109 3848 πρό-

37 3866 119 3931 τηρον
134 3846 160 3966 ΑΑ
177 3861 223 3912 μα,
240 3860 327 3898 rasura
346 3861 409 3899 corr.
426 3875 460 3886 -
477 3847 534 3910 111,
552 3849 568 3898 2
586 3842 774 3912 προελήλυθεν
789 3848 813 3899 Α
827 3862 874 3914 ου,
893 3833 956 3901 τότε.
968 3849 1003 3901 A¹
1020 3878 1054 3889 —
1071 3849 1108 3902 εἰν

36 3935 66 3968 το
83 3932 117 3969 π.
160 3952 166 3966 .

11 3991 12 4064 η
86 4005 209 4040 »mum
222 4007 260 4040 ον,
888 4003 903 4052 3
