2668 4558
405 182 490 236 RATA
510 181 761 236 ΔΗΜΟΣΘΕΝΟΥΣ.
1102 183 1119 242 9

43 352 100 422 καί
130 366 200 431 τοῖς
230 355 328 430 θεοῖς
357 351 416 430 τὰς
443 351 584 428 ἰλπίδας
606 358 663 439 τῆς
687 346 850 435 σωτηρίας
874 350 968 432 ἐ’χετε.
1011 349 1119 435 μόνως
1129 358 1169 419 27

43 459 105 543 γάρ
130 452 247 534 οὕτως,
272 451 387 539 άνδρες
404 449 595 538 Ἀθηναῖοι,
617 453 727 536 μόνως
747 451 893 530 καὶτοὺς
909 449 1028 529 ἄλλους
1043 477 1120 520 ποι-

44 560 140 648 ήσετε
163 558 329 642 βελτίους,
361 554 416 622 ἰόν
444 554 521 632 τοὺς
550 551 701 634 ἐνδόξους
731 561 795 621 τῶν
819 556 972 640 πονηρῶν
996 554 1120 640 ἐξελέγ-

44 665 160 742 ξαντες
176 658 337 745 κολάσητε
360 665 437 724 τῶν
461 651 728 743 ἀδικημάτων
751 651 861 736 άξίως.
892 654 967 734 τούς
982 657 1042 739 μέν
1057 657 1118 743 γὰρ

42 765 203 847 τυχόντας
225 764 291 827 τῶν
315 764 522 845 κρινομένων,
547 755 624 826 όταν
648 754 783 839 άλυίσιν,
806 757 914 836 οὐδεὶς
937 753 1024 825 οἶδεν
1044 755 1119 826 οὐδὲ

44 869 139 952 ζητεῖ
161 868 342 931 πυθέσθαι
364 870 397 929 τί
420 861 632 928 πεπόνθασι·
662 861 739 939 τούς
765 854 798 925 δ’
824 860 975 940 ἐνδόξους
997 860 1119 940 πάντες

44 963 294 1043 πυνθάνονται,
324 965 377 1031 καὶ
405 963 483 1042 τούς
513 963 704 1044 δικάζοντας
734 963 943 1044 ἐπαινοῦσιν,
973 961 1051 1031 ὅταν
1080 960 1118 1030 τὸ

49 1073 176 1138 δίκαιον
196 1068 240 1158 μὴ
265 1067 438 1152 πρόωνται
459 1071 534 1145 ταῖς
555 1069 621 1132 τῶν
643 1072 843 1150 κρινομένων
867 1064 988 1145 δόξαις.
1022 1062 1119 1135 Ἀνά-

48 1178 154 1258 γνωθι
189 1169 227 1236 τό
264 1167 426 1258 ψήφισμα
454 1169 492 1235 τὸ
524 1173 690 1256 Θηβαίων.
742 1167 813 1254 λέγε
841 1167 900 1246 τὰς
927 1177 1118 1256 μαρτυρίας.

48 1273 249 1360 ἀναγίνωσκε
271 1270 332 1350 τός
355 1271 544 1350 ἐπιστολάς.

224 1411 425 1464 ΨΗΦΙΣΜΑ.
461 1412 689 1464 ΜΑΡΤΥΡΙΑΙ.
725 1412 941 1465 ΕΠΙΣΤΟΛΑΙ.

126 1577 322 1656 Μισθωτδς
345 1571 451 1657 οὗτος,
475 1563 708 1664 αἰἈθηναῖοι,
731 1579 904 1661 μισθωτός
927 1573 1023 1658 οὗτός
1047 1580 1166 1655 ἰστι28

41 1681 201 1760 παλαιός.
227 1674 324 1759 οὗτος
347 1671 386 1764 ἦν
410 1675 428 1746 ό
450 1677 507 1769 τὴν
531 1687 710 1766 πρεσβείαν
739 1681 796 1764 τὴν
824 1682 916 1766 παρὰ
941 1684 1117 1749 Φιλίππου

39 1789 269 1870 πορευομένην
287 1777 332 1861 ὦς
347 1778 432 1870 ἡμᾶς
448 1783 482 1848 ἰκ
499 1785 618 1868 Θηβῶν
640 1780 790 1862 καλέσας,
814 1782 869 1849 καὶ
890 1782 949 1850 τού
971 1787 1118 1870 λυθῆναι

40 1887 98 1954 τὸν
124 1888 258 1968 πρῶτον
282 1884 429 1968 πόλεμον
453 1885 561 1963 αἰτιος
582 1883 770 1970 γενόμενος·
799 1878 895 1962 οὗτος
920 1886 1117 1971 Φιλοκράτει

44 1987 329 2072 συναπελογεῖτο
351 1995 400 2074 τῴ
421 1985 590 2073 γράψαντι
608 1987 693 2069 πρός
711 1987 886 2053 Φίλιππον
903 1983 1041 2074 εἰρήνην,
1067 1982 1114 2053 δι’

47 2089 86 2178 ἣν
110 2085 206 2170 ύμεῖς
230 2088 346 2156 ἐκεῖνον
371 2089 548 2172 ἐξεβάλετε,
572 2091 626 2156 καί
650 2088 741 2174 ζεύγη
763 2093 835 2167 τοῖς
850 2095 1029 2175 πρέσβεσιν
1046 2087 1117 2172 ἔμι-

53 2189 212 2256 σθιόσατο
234 2205 302 2270 τοῖς
323 2187 407 2274 μετά
419 2185 643 2277 Ἀντιπάτρου
668 2185 758 2276 δεῦρ’
778 2189 944 2271 ἐλθοῦσιν,
968 2185 1115 2276 άναλαμ-

47 2291 159 2376 βάνων
181 2285 297 2370 αύτούς
320 2291 374 2359 καί
397 2291 434 2359 τό
457 2292 643 2359 κολακεύειν
666 2291 743 2372 τούς
763 2293 961 2371 Μακεδόνας
983 2297 1116 2382 πρῶτος

44 2395 90 2472 εἰς
112 2394 170 2484 την
192 2393 292 2462 πόλιν
318 2394 468 2480 εἰσάγων.
512 2394 556 2483 μη
581 2393 697 2485 ἀφῆτε,
721 2394 836 2481 άνδρες
854 2391 1045 2484 Ἀθηναῖοι,
1067 2398 1164 2486 μη29

40 2496 148 2584 ἀφῆτε
169 2497 227 2563 τὸν
251 2497 307 2563 ἐπὶ
330 2501 402 2575 τοῖς
424 2500 481 2586 τῆς
502 2497 634 2577 πόλεως
655 2501 707 2565 καί
725 2507 789 2566 τῶν
807 2495 914 2567 ἄλλων
929 2496 1085 2586 Ἑλλήνων
1109 2504 1113 2587 Ι

39 2593 248 2685 ἀτυχήμασιν
272 2597 547 2684 ἐπιγεγραμμένον
581 2598 804 2686 άτιμιόρητον,
840 2601 1031 2684 εἰλημμένον
1055 2596 1111 2668 ἐπ’
1135 2618 1165 2668 91

39 2697 235 2785 αὐτοφώρῳ
260 2698 348 2782 δῶρα
371 2703 485 2784 έχοντα
506 2699 590 2766 κατὰ
611 2703 670 2786 τῆς
693 2700 833 2780 πόλεως,
857 2701 940 2785 μηδὲ
962 2703 1020 2788 τῆς
1036 2695 1115 2785 ἆγο-

39 2809 109 2890 θης
131 2800 229 2888 τύχης
252 2798 338 2888 ἡμᾶς
361 2802 418 2870 ἐπὶ
439 2803 478 2868 τὸ
501 2802 631 2887 βέλτιον
656 2799 806 2888 ἀγούσης,
830 2803 883 2868 καὶ
898 2801 955 2867 τόν
970 2803 1029 2886 μὲν
1046 2803 1116 2871 ἕτε-

40 2927 99 2989 ρον
122 2910 188 2969 τῶν
210 2902 269 2991 τήν
292 2907 440 2989 πατρίδα
463 2905 713 2987 λελυμασμένων
738 2902 851 2990 ἐκτός
874 2904 1004 2984 πόλεως
1027 2905 1115 2989 ἰκβε-

38 3003 212 3092 βληκυίας,
239 3009 357 3073 τοῦτον
383 3005 416 3073 δ)
441 3004 518 3091 ύμῖν
543 2999 737 3074 ἇποκτεῖναι
760 3006 988 3096 παραδούσης,
1020 3005 1113 3076 αύτοί

38 3117 114 3184 τοῖς
137 3111 222 3175 πᾶσι
246 3115 469 3196 συμφέρουσιν
492 3110 723 3196 ἐναντιωθῆτε,
748 3105 832 3178 ἀλλὰ
847 3117 1114 3193 μετοιωνίσασθε

39 3208 101 3288 τὰς
122 3213 182 3298 τῆς
203 3211 338 3290 πόλεως
359 3211 512 3296 πράξεις,
548 3211 595 3291 εἰς
616 3211 752 3291 τούτους
775 3212 851 3291 τοὺς
873 3212 1034 3299 ἡγεμόνας
1055 3213 1114 3291 τὰς

41 3307 175 3395 ἀτυχίας
208 3320 399 3398 τρέψαντες.
447 3315 493 3392 εἰς
526 3319 626 3381 ποῖον
655 3314 715 3400 γὰρ
746 3315 859 3401 καιρὸν
889 3314 1162 3403 ἀποθήσεσθε30

86 3565 150 3646 ⁸27,
169 3588 184 3637 2
204 3573 227 3636 αἰ
244 3580 340 3654 ἄνδρες
357 3589 403 3649 At,
428 3581 498 3657 άνδρ
509 3623 532 3638 ..
550 3585 572 3637 Ν
590 3602 638 3653 pr„
660 3582 755 3656 ἄνδρες
772 3587 815 3640 N².
833 3616 867 3626 -·
885 3590 901 3639 4
918 3586 965 3651 τῆε
982 3589 1114 3655 πονηρίας

38 3649 123 3715 άξίωε
140 3654 182 3719 Αί,
201 3653 264 3704 ελῦ
282 3669 307 3719 p.
321 3659 344 3706 7.
362 3683 395 3693 -
415 3657 430 3708 9
449 3655 488 3706 tit.
505 3651 633 3722 ψήφισμα
651 3660 710 3722 post
730 3656 869 3722 Θηβαίων,
889 3658 1036 3723 μαρτυρίαι
1053 3659 1113 3721 post

38 3724 189 3790 μαρτυρίας
207 3721 356 3774 collocanda
375 3726 464 3775 censet
481 3721 603 3775 Schmidt.
621 3753 654 3762 -
673 3722 746 3788 28‚3
766 3719 911 3777 .’κκαλέσατ
928 3723 1009 3788 Apr.‚
1026 3737 1113 3776 rasura

40 3803 104 3840 corr.
122 3817 155 3826 -
175 3791 190 3840 5
208 3789 426 3875 συνανελογεῖτοε
445 3806 510 3843 corr.
519 3790 608 3842 Wurm
627 3807 658 3844 ex
675 3792 767 3846 Aesch.
786 3792 877 3855 111,62‚
896 3787 1112 3862 συνωμολογεῖτο

41 3856 143 3923 Sauppe
161 3860 179 3908 t.
198 3887 230 3895 -
249 3862 263 3909 ’ί
283 3877 334 3923 μετ
360 3863 378 3910 t.
396 3887 430 3897 —-
446 3858 519 3924 29,1
541 3847 675 3928 όιίνδρεε
686 3859 727 3911 At.
745 3889 779 3898 —
798 3862 813 3912 2
831 3862 886 3911 τοῖς
897 3859 924 3910 in
935 3873 1024 3910 rasura
1037 3874 1113 3926 supra

39 3939 140 3977 versum
158 3923 201 3977 N¹.
220 3953 253 4006 ᾗ
272 3929 287 3976 5
305 3920 372 3993 ὑμᾶς
390 3926 493 3994 Sauppe
512 3930 530 3980 t.
549 3955 583 3964 —
602 3931 632 3980 10
651 3921 798 3991 δποτυχίαε
815 3931 833 3992 t,
851 3927 914 3979 cM}
932 3943 957 3994 p.
971 3930 995 3981 3.
