2668 4558
226 197 244 256 2
669 197 851 251 ΔΕΙΝΑΡΧΟΥ

225 367 308 433 ποτὲ
339 364 469 454 γνιάμην
499 366 585 446 ἕξετε
612 366 690 450 περὶ
718 373 784 432 τῶν
813 368 854 454 τῇ
882 363 1020 449 πατρίδι
1049 364 1303 453 συμφερόντων,

223 469 277 536 καλ
306 468 448 554 πότερον
478 466 537 546 τὰς
568 465 654 547 ἰδίας
682 467 807 535 τούτων
835 469 1036 555 δωροδοκίας
1057 470 1111 536 καλ
1134 475 1305 553 πονηρίας

224 569 455 651 ἀναδέξεσθε
477 570 524 649 εἰς
546 566 630 653 ὑμᾶς
653 567 784 651 αὐτούς,
816 565 837 656 ή
865 569 1007 659 φανερὸν
1034 574 1137 638 πᾶσιν
1161 565 1304 653 άνθρώ-

223 663 303 751 ποις
334 671 493 759 ποιήσετε
524 671 610 737 διότι
638 681 768 754 μισεῖτε
801 671 878 750 τοὺς
912 673 995 739 κατά
1031 680 1088 762 τῆς
1122 673 1304 749 πολιτείας

224 774 314 859 δῶρα
337 772 572 858 λαμβάνοντας,
597 771 652 840 καὶ
674 769 732 856 οάχ
753 771 801 839 ἵν’
819 768 927 862 άφήτε
947 774 1052 859 ζητεῖν
1068 772 1303 857 προσετάξατε

221 877 262 961 τῇ
285 875 318 950 έξ
341 869 472 960 Ἀρείου
495 876 603 960 πάγου
625 878 744 964 βουλῇ,
773 869 849 942 ἀλλ’
873 875 929 942 ἵνα
951 875 1196 964 ἀποφηνάντων
1219 877 1304 942 τού-

188 985 289 1044 4των
312 972 404 1061 δμεῖς
425 977 663 1066 τιμωρήσησθε
684 980 748 1043 τῶν
766 971 974 1060 ἀδικημάτων
991 973 1100 1057 άξίως.
1138 983 1208 1044 νυνλ
1225 987 1303 1046 τοί-

222 1105 277 1146 νυν
300 1083 396 1146 wito
424 1075 482 1165 ἐφ’
513 1077 590 1164 ὑμῖν
622 1079 701 1146 ἔστι.
750 1085 987 1163 ψηφισαμένου
1006 1079 1076 1166 γὰρ
1105 1087 1165 1146 τοῦ
1189 1080 1302 1166 δήμου

223 1182 349 1249 δίκαιον
372 1179 550 1271 ψήφισμα,
581 1179 636 1247 καὶ
664 1178 797 1246 πάντων
826 1183 892 1246 τῶν
914 1183 1063 1249 πολιτῶν
1084 1184 1302 1268 βουλομένων

222 1279 327 1368 εδρεῖν
354 1290 439 1361 τίνες
469 1283 532 1350 εἰσί
562 1285 628 1348 τῶν
657 1282 805 1370 ῥητόρων
834 1283 867 1348 οῖ
894 1282 1116 1374 τολμήσαντες
1138 1283 1195 1352 ἐπὶ
1220 1277 1319 1352 δια]

220 1387 303 1470 βολῇ
331 1387 384 1451 καὶ
414 1382 551 1470 κινδύνῳ
579 1386 637 1472 τῆς
666 1384 796 1463 πόλεως
824 1383 976 1475 χρήματα
1005 1385 1097 1469 παρὰ
1119 1384 1302 1470 Ἁρπάλου

221 1490 343 1572 λαβεῖν,
366 1485 423 1555 καί
444 1486 530 1572 πρὸς
544 1485 675 1566 τοάτοις
698 1488 874 1576 [ψήφισμά
889 1489 935 1576 τι]
957 1491 1157 1576 γράψαντος,
1182 1479 1303 1580 ὦΔη-

220 1587 395 1674 μάσθενες,
420 1597 481 1657 σοῦ
502 1593 556 1657 καὶ
579 1589 696 1674 ἑτέρων
713 1591 856 1672 πολλῶν,
881 1591 986 1678 ζητεῖν
1002 1593 1060 1682 τήν
1075 1591 1198 1680 βουλήν
1215 1598 1302 1680 περὶ

222 1688 344 1770 αὐτῶν,
376 1686 420 1771 ιδς
447 1689 530 1778 αὐτῇ
553 1690 695 1776 πάτριόν
719 1693 823 1773 έστιν,
853 1693 885 1760 εἲ
913 1717 998 1772 τινες
1022 1693 1177 1782 εἰλήφασι
1200 1699 1304 1780 παρά

187 1788 389 1877 5Ἅρπάλου
410 1802 554 1878 χρυσίον,
577 1796 665 1882 ζητεῖ
682 1790 700 1882 ή
717 1794 830 1882 βουλή,
855 1792 914 1861 οὐκ
936 1795 969 1862 ἐκ
990 1803 1055 1862 ταῖν
1078 1794 1319 1880 προκλήσεωνι

219 1903 379 1979 μαθοῦσα
401 1897 439 1963 τδ
463 1899 606 1979 δίκαιον,
637 1893 714 1967 οδδὲ
741 1897 801 1984 τήν
832 1893 1071 1986 ἀλήθειανκαὶ
1094 1898 1153 1986 τήν
1176 1907 1303 1968 πίστιν

220 1997 280 2087 τήν
303 1999 381 2084 περὶ
404 1996 505 2086 αὑτῆς
528 2001 584 2068 ἐπὶ
609 2004 669 2068 σοῦ
692 1999 875 2069 καταλῦσαι
896 2003 1090 2088 βουλομένη,
1114 1996 1188 2069 ἀλλ’
1208 1997 1303 2087 ὅπερ

220 2103 273 2167 καί
289 2098 384 2170 αὐτοὶ
400 2103 432 2169 οἱ
445 2102 684 2188 Ἀρεοπαγῖται
701 2099 807 2185 ελπον,
830 2108 1012 2188 προορῶσα
1027 2105 1121 2191 (new)
1141 2100 1160 2193 ἡ
1176 2104 1300 2193 βουλή,

221 2195 246 2271 ὦ
274 2203 404 2290 άνδρες,
439 2204 499 2293 τήν
528 2202 653 2270 κου’των
683 2204 772 2286 ἰσχὺν
801 2208 854 2269 καλ
883 2205 940 2290 τήν
969 2202 1002 2271 έν
1032 2208 1077 2289 τῷ
1107 2208 1209 2290 λέγειν
1240 2211 1303 2273 καὶ

219 2305 377 2388 πράττειν
407 2304 558 2388 δύναμιν,
591 2299 648 2371 οδκ
677 2303 809 2388 οἰομένη
840 2305 876 2370 δὲ
899 2306 967 2369 δεῖν
990 2303 1145 2386 οὐδεμίαν
1168 2306 1304 2375 ὑπολο-

218 2407 373 2492 γίζεσθαι
403 2409 468 2473 τῶν
499 2409 576 2489 περὶ
606 2400 705 2493 αὑτῆς
734 2405 898 2485 ἐσομένων
920 2403 1156 2490 βλασφημιῶν,
1189 2407 1221 2470 εί
1241 2432 1318 2486 τιςι

218 2508 329 2595 μέλλει
357 2515 398 2598 τῇ
426 2509 564 2592 πατρίδι
593 2505 727 2585 αὐτοῖς
755 2505 847 2572 αἰτία
874 2506 1029 2593 μοχθηρὰ
1057 2507 1110 2574 καλ
1140 2503 1300 2588 κίνδυνος

185 2613 373 2680 δῖ’σεσδαι.
406 2609 541 2692 τούτων,
566 2606 610 2690 ὡς
633 2607 739 2677 έδάκει
759 2613 806 2698 τῷ
830 2609 935 2707 δήμῳ,
957 2611 1065 2688 καλῶς
1087 2609 1142 2677 καὶ
1164 2633 1300 2696 συμφε-

219 2714 344 2802 ρόντως
367 2712 606 2799 πεπραγμένων
634 2711 739 2782 αῖτίαι
761 2716 817 2781 νῦν
846 2717 901 2782 καὶ
929 2712 1130 2800 προκλήσεις
1158 2714 1212 2778 καὶ
1236 2736 1300 2778 συ-

218 2823 397 2903 κοφαντίαι
412 2816 505 2900 παρὰ
520 2817 760 2903 Δημοσθένους
775 2813 921 2904 ἣκουσιν,
946 2813 1061 2901 ἐπειδή
1085 2808 1182 2892 οὗτος
1205 2811 1299 2880 άπα-

217 2917 387 3005 πέφανται
423 2919 529 2986 ε’ίκοσι
561 2919 706 2986 τάλαντα
736 2920 815 3002 ἔχων
842 2915 994 3004 χρυσίου·
1027 2918 1082 2983 καὶ
1111 2911 1131 3004 ή
1161 2919 1228 2983 τῶν
1260 2919 1298 2985 ἐκ

217 3019 380 3108 προνοίας
410 3020 521 3106 φόνων
551 3016 748 3101 άξιόπιστος
777 3007 861 3087 οὖσα
889 3016 993 3107 βουλή
1021 3018 1059 3084 τὸ
1087 3020 1214 3086 δίκαιον
1238 3024 1296 3087 καὶ

167 3136 195 3187 91
218 3119 343 3210 άληθὲς
367 3119 471 3208 εὑρεῖν
478 3176 487 3206 ,
516 3124 572 3191 καὶ
594 3121 689 3209 κυρία
712 3123 902 3191 δικάσαιτο
925 3124 1083 3205 περὶτοῦ
1108 3124 1113 3206 Ι
1139 3120 1296 3203 σώματος

219 3227 274 3293 καὶ
295 3228 353 3315 τής
376 3229 484 3342 ψυφής
507 3225 645 3293 ἑκάστου
667 3228 732 3292 τῶν
756 3227 913 3305 πολιτῶν,
941 3223 995 3292 καὶ
1017 3235 1088 3302 τοῖς
1109 3225 1168 3308 μὲν
1190 3229 1294 3309 βιαίῳ

287 3465 314 3528 3,
332 3467 347 3517 θ
365 3457 536 3527 ἀναδέχεσθε
552 3461 623 3514 ANt:
642 3477 706 3514 corr.
717 3459 871 3528 Stephanus.
891 3491 922 3500 -
942 3465 956 3516 8
976 3461 1021 3514 ἵνα
1033 3461 1064 3515 Ν.
1082 3489 1115 3501 -
1133 3461 1189 3524 4‚2
1207 3456 1294 3526 δήμου

219 3527 252 3584 ἰδ
269 3531 312 3584 N².
333 3561 364 3571 -
382 3535 397 3585 6
417 3531 606 3600 ψηφίσματιΑ
620 3546 666 3597 pn,
683 3525 813 3598 ψήφισμά
824 3549 852 3582 τι
868 3530 923 3594 A1t,
941 3526 981 3600 φή
990 3567 1084 3585 ......
1102 3530 1185 3596 Npr.‚
1203 3546 1294 3599 φισμα

218 3600 382 3660 obliteratum
394 3599 507 3652 restituit
519 3599 556 3649 N¹
571 3598 597 3650 in
610 3613 700 3650 versus
713 3599 783 3650 exitu
796 3599 880 3663 spatio
892 3599 1009 3665 largiore,
1027 3595 1155 3668 ψήφισμα
1173 3596 1292 3662 Τεοεοεῐ,

218 3669 320 3720 seclusi.
343 3697 375 3708 -
399 3669 425 3732 5,
444 3671 459 3721 3
478 3670 540 3734 περὶ
564 3666 596 3719 τί.
617 3666 685 3718 Dem.
703 3665 787 3729 xvl11‚
806 3669 854 3720 215
878 3696 911 3706 -
929 3658 1023 3730 αάτῆει
1048 3682 1111 3720 corr.
1130 3665 1238 3718 Bekker.
1257 3695 1292 3704 -
1312 3689 1313 3717 ι

218 3739 235 3788 4
251 3737 303 3802 μῖν
321 3735 377 3788 εδδ.
395 3735 497 3799 Reiske,
516 3751 566 3788 οια.
586 3741 645 3786 ι-
664 3729 680 3798 ἡ
697 3731 782 3802 βουλὴ
799 3736 889 3788 abesse
907 3735 979 3786 malit
998 3733 1079 3798 Blass‚
1097 3735 1143 3786 sed
1162 3734 1194 3786 εί.
1212 3735 1229 3797 1,
1249 3736 1291 3798 60,

217 3803 246 3867 ΙΙ,
265 3805 281 3856 6
299 3810 325 3854 ει
336 3808 375 3857 10.
393 3832 427 3842 -
444 3799 537 3872 βουλὴ.
555 3804 578 3854 Α
596 3818 646 3856 una
664 3802 736 3856 litera
755 3819 834 3856 erasa.
853 3831 887 3842 -
905 3806 919 3854 ’ί
939 3796 1034 3865 αδτῆει
1053 3819 1116 3856 οοιι.
1130 3801 1238 3854 Bekker.
1256 3831 1290 3840 —

219 3867 325 3937 8μέλει
343 3872 388 3923 ΝΑ
406 3887 456 3938 pn:
481 3888 545 3925 corr.
562 3872 604 3924 A&
628 3900 661 3910 -
683 3865 765 3936 αὖτῆε
781 3872 850 3935 ANt,
874 3865 964 3922 αὐτοῖς
982 3869 1034 3936 BL,
1058 3865 1127 3942 αὐτῇ
1146 3870 1238 3922 Baiter.
1256 3898 1290 3909 --
1311 3907 1312 3912 ,

218 3939 244 4005 δ,
264 3941 279 3991 6
296 3932 415 4004 τᾶληδῖε
433 3939 520 4006 ΒΙεεε.4
533 3970 565 3978 -
585 3945 598 3993 7
619 3939 704 4010 ψυχῆς
721 3955 771 3993 om.
789 3938 820 4004 N,
840 3939 872 3991 cs.
892 3939 909 3990 C
927 3956 952 4006 p.
968 3942 999 3991 10
1017 3954 1075 3991 ann.
1311 3929 1312 3961 λ
