2668 4558
239 195 279 254 30
684 193 866 247 ΔΕΙΝΔΡΧΟΥ

239 362 480 453 ἐβουλήθησαν,
504 361 786 448 μεταβεβλημένον
810 363 845 429 δέ
867 360 966 429 αύτδν
989 360 1044 428 καί
1064 361 1124 442 τάς
1146 361 1242 451 ύπέρ
1258 371 1319 429 τού

239 465 344 554 δήμου
366 463 504 550 πράξεις
527 462 837 550 ἐγκαταλελοιπότα,
859 472 977 530 τοῦτον
993 467 1222 548 περιποιῆσαι
1239 465 1319 548 βού-

187 574 228 638 98
237 572 340 636 λεσθε
348 596 360 650 ,·
395 565 467 647 ούκ,
497 565 556 634 ἐὰν
585 568 780 654 σωφρονῆτε
810 567 862 632 καί
890 568 998 645 καλῶς
1026 569 1079 633 καί
1108 565 1197 652 ὑπὲρ
1223 564 1317 649 ὖμῶν

237 667 342 736 αὐτῶν
375 670 429 736 καί
457 671 514 758 τῆς
543 666 673 746 πόλεως
698 666 919 754 βουλεύησθε·
954 665 1038 734 ἄλλά
1074 668 1226 748 δέξασθε
1258 667 1316 755 τὴν

237 770 367 858 ἀγαθὴν
393 770 505 857 τύχην,
535 768 556 858 ἢ
583 768 845 859 τιμωρήσασθαι
871 771 1043 852 παρέδωκε
1071 777 1136 836 τῶν
1159 771 1314 857 ρητόρων

234 873 312 951 τούς
334 871 393 960 τὴν
416 873 516 938 πόλιν
539 872 596 938 διδι
617 871 677 957 τὴν
707 869 814 938 αύτῶν
838 871 1040 955 δωροδοκίαν
1062 873 1229 962 ταπεινὴν
1256 899 1315 939 πε-

235 975 433 1061 ποιηκότας,
455 974 511 1042 καί
533 972 743 1061 φυλάξασθε,
772 972 928 1057 καθάπερ
951 974 984 1039 ol
1005 976 1083 1040 θεοί
1105 976 1314 1063 προειρήκα-

235 1101 288 1143 σιν
311 1075 388 1161 ύμῖν
412 1078 445 1144 ἐν
467 1087 541 1155 ταῖς
563 1072 733 1160 μαντείαις
755 1075 926 1155 πολλάκις,
949 1073 1026 1154 τούς
1043 1078 1222 1156 τοιούτους
1239 1074 1313 1165 ἡγε-

234 1179 337 1261 μόνας
351 1181 405 1245 καί
422 1177 637 1263 συμβούλους.
671 1170 830 1244 άκούσατε
853 1175 890 1245 δέ
912 1175 1014 1268 αὐτῇ
1021 1203 1037 1256 ς
1059 1181 1117 1264 τῆς
1139 1186 1310 1262 μαντείας.

233 1280 324 1367 Λέγε
345 1280 404 1369 την
426 1286 593 1365 μαντείαν.

673 1367 862 1421 MANTEIA.

183 1543 223 1604 99
317 1537 398 1612 Πῶς
417 1523 473 1601 οὖν
489 1540 570 1617 μίαν
589 1533 717 1621 γνώμην
736 1525 858 1619 ἕξομεν,
882 1527 1108 1620 ῶἈθηναῖοι,
1132 1539 1208 1616 πῶς
1228 1537 1308 1620 ἱμο-

232 1635 393 1725 νοησομεν
417 1631 562 1714 άπαντες
586 1633 668 1720 ὑπὲρ
690 1644 757 1703 τῶν
788 1640 880 1724 κοινῇ
903 1637 1147 1723 συμφερόντων,
1174 1635 1258 1705 όταν
1277 1637 1308 1704 σί
1320 1645 1321 1736 1

232 1737 388 1828 ἡγεμόνες
409 1739 464 1806 καί
487 1738 519 1806 σί
542 1740 728 1826 δημαγωγοὶ
751 1739 899 1825 χρήματα
920 1740 1142 1823 λαμβάνοντες
1157 1739 1321 1826 προί’ων·1

230 1868 287 1910 ται
315 1841 356 1909 τὰ
384 1846 442 1928 τῆς
464 1843 626 1926 πατρίδος
652 1847 878 1928 συμφέροντα,
906 1844 960 1908 καὶ
989 1837 1081 1925 ύμεῖς
1109 1841 1169 1924 μὲν
1198 1844 1260 1910 καὶ
1291 1837 1306 1906 δ

232 1945 336 2031 δῆμος
359 1939 449 2022 ἅπας
470 1943 639 2030 κινδυνεύῃ
663 1945 821 2027 περὶτοῦ
845 1943 989 2031 ἐδάφους
1010 1952 1070 2009 τοῦ
1091 1946 1149 2032 τῆς
1170 1946 1306 2020 πόλεως

229 2048 282 2114 καὶ
312 2050 377 2113 τῶν
407 2045 502 2131 ίερῶν
530 2047 595 2113 τῶν
624 2039 788 2134 πατρηίων
818 2044 873 2113 καί
901 2047 1031 2113 παίδων
1054 2050 1107 2113 καί
1130 2050 1304 2132 γυναικῶν,

230 2149 262 2216 οἱ
291 2150 327 2216 δέ
356 2148 587 2234 διηλλαγμένοι
615 2148 702 2231 πρὸς
731 2145 850 2226 αύτούς
880 2148 913 2214 ἐν
939 2151 999 2232 μέν
1022 2160 1096 2226 ταῖς
1119 2143 1321 2236 ἐκκλησίαις,

230 2252 448 2372 λοιδορῶνται
473 2252 526 2315 καί
550 2230 803 2330 προσκρούωσιν
826 2247 982 2334 ἀλλήλοις
1005 2249 1286 2376 ἐξεπίτηδες,ί
1235 2253 1307 2335 ἰδίᾳ
1320 2287 1321 2290 ¹

230 2351 265 2417 δέ
287 2345 390 2416 ταύτὰ
411 2350 603 2436 πράττωσιν
627 2345 899 2428 ἐξαπατῶντεςζ
880 2353 965 2431 υμᾶς
986 2352 1063 2426 τούς
1089 2352 1197 2436 ῥᾷστα
1225 2377 1308 2417 πει-

157 2459 216 2521 199
229 2457 396 2536 δομένους
417 2455 489 2528 τοῖς
509 2450 636 2518 τούτων
660 2450 787 2535 λόγοις,·
808 2457 842 2518 τί
863 2450 923 2536 γάρ
947 2451 1019 2518 ἐστι
1040 2451 1180 2538 ρήτορσς
1200 2453 1305 2537 δημο-

175 2569 216 2619 10⁵
227 2556 319 2621 τικοδ
341 2552 396 2619 καί
417 2555 596 2636 μισοδντος
618 2552 695 2632 τούς
714 2553 719 2640 Ι
738 2552 821 2620 κατὰ
835 2560 895 2642 τῆς
916 2553 1047 2632 πόλεως
1070 2553 1223 2638 λέγοντας
1246 2553 1302 2620 καί

228 2656 434 2745 γράφονταςς
466 2649 487 2745 ἢ
514 2661 547 2722 τί
576 2679 661 2741 φασι
688 2656 766 2734 τούς
793 2655 859 2740 πρὸ
883 2654 974 2746 ἡμῶν
996 2654 1241 2742 γεγενημένους,
1274 2647 1300 2721 ιύ

227 2759 442 2844 Δημόσθενες
457 2758 510 2825 καί
521 2758 718 2840 Πολύευκτε,
737 2759 897 2827 διατελεῖν
913 2761 1103 2838 ποιοῦντας,
1126 2761 1179 2823 καί
1195 2762 1297 2824 ταῦτα

228 2859 363 2938 ου’δενδς
387 2861 497 2928 δεινοῦ
518 2859 594 2928 τότε
615 2861 674 2946 τὴν
697 2859 797 2928 πόλιν
819 2859 1072 2947 περιεστηκότος
1079 2888 1091 2943 ,·
1114 2857 1152 2926 ού
1175 2867 1295 2945 κρίνειν

227 2957 409 3050 άλληλουςς
444 2959 502 3029 ούκ
531 2962 766 3049 είσαγγέλλεινς
801 2957 839 3028 ού
860 2961 1054 3048 γράφεσθαι
1075 2962 1278 3047 παρανόμων
1286 2987 1295 3044 ,·

229 3065 319 3132 ’ἐστιν
349 3053 406 3130 σύν
436 3061 456 3130 ὅ
482 3090 516 3131 τι
544 3064 751 3151 πεποιήκατε
781 3063 906 3130 τούτων
935 3059 1027 3147 ύμεῖς
1056 3065 1088 3130 οἱ
1117 3064 1295 3150 φάσκοντες

227 3174 287 3235 τοτ’
310 3168 415 3254 δήμου
437 3164 601 3254 κήδεσθαι
620 3167 682 3234 καί
696 3166 754 3256 τὴν
777 3164 940 3253 σωτηρίαν
963 3163 1040 3250 ύμῖν
1064 3167 1097 3234 ἐν
1118 3174 1158 3253 τῇ
1173 3165 1294 3233 τούτων

297 3383 432 3454 θβονλὴσ
434 3385 517 3451 sm,-
533 3386 692 3444 Dobteea-
709 3385 754 3452 98,
773 3383 975 3468 λβουίαόισθε
992 3387 1037 3440 NA
1055 3403 1107 3455 pr„
1131 3403 1193 3441 corr.
1210 3387 1292 3438 Αί-

228 3451 343 3518 δίξεσθε
360 3455 525 3508 Βοίκεεμ-
549 3458 639 3524 3πιιρ
640 3425 754 3506 ἔδωκεν
759 3451 857 3575 (ὑμῖρφ
874 3457 933 3509 mal.
951 3455 1145 3508 Maetznera-
1168 3453 1293 3509 λαύτιν

227 3523 338 3577 ΔΝ.-·
362 3519 555 3592 όφυλάξισδε
573 3475 735 3576 Dobree.—
758 3527 773 3575 ’1
797 3543 829 3574 αυ
855 3539 878 3576 ιε
895 3523 997 3590 Gruter,
1021 3523 1053 3576 εί.
1073 3525 1199 3589 578.-
1216 3523 1262 3590 99,
1279 3525 1289 3574 1

228 3587 515 3672 Amovfiwpr—
482 3588 640 3659 -4ύμιῖε
655 3585 739 3657 μέν’
725 3610 739 3643 σ
757 3592 837 3659 Δρα,
855 3595 901 3642 καί
919 3591 976 3645 αδδ.
992 3592 1035 3656 A¹,
1053 3591 1134 3659 primo
1152 3591 1217 3644 falso
1236 3597 1291 3644 ante

227 3661 286 3744 μὲν,
303 3665 357 3712 tum
375 3653 527 3712 εαίεδ.-
544 3655 728 3712 5ιιινδυντύει
744 3659 768 3710 Α
785 3675 822 3726 pr.
840 3659 927 3726 Npr„
949 3674 1012 3712 corr.
1030 3659 1161 3714 A¹N¹.-
1177 3655 1254 3725 ’ίδιη
1256 3655 1291 3711 λλ.

227 3725 322 3833 προτ
312 3723 373 3780 αύτ.
390 3731 451 3808 post
468 3722 526 3793 ἰδίᾳ
544 3723 575 3780 δέ
591 3727 722 3813 transponi
740 3728 813 3780 malit
831 3726 959 3780 Blass-
983 3724 1078 3782 αύτούε
1095 3727 1140 3780 AN
1158 3744 1207 3810 ραι
1231 3743 1290 3780 corr.

340 3746 526 3876 9τοῶται1ξίι
526 3792 562 3848 τά
581 3791 705 3849 αύτάΝι
727 3811 792 3848 corr.
809 3795 930 3847 Wolf-
948 3798 1003 3847 τοῖε
1020 3798 1041 3846 A
1060 3811 1107 3862 pr„
1125 3812 1187 3848 τονε
1202 3797 1290 3849 A¹.-

181 3856 424 3932 .,1,-3ύμιῑν
441 3835 593 3916 Βείελιε.-
612 3865 728 3916 ’ίίστιν
745 3850 794 3916 σύν
811 3900 887 3918 .....
906 3867 964 3930 101,
982 3849 1081 3918 λῶν
1074 3879 1101 3916 1n
1119 3865 1230 3931 margine
1248 3865 1289 3916 ha·

183 3929 191 3966 ¹
225 3903 380 3986 MA&—
398 3929 481 3984 ’ίοι
474 3949 500 3984 ια
517 3947 604 4005 rasura
622 3932 719 3988 N².-
737 3929 835 3998 Βὴμῖν
851 3932 873 3984 A
891 3947 937 4000 pn,
956 3947 1019 3986 corr.
1039 3931 1080 3987 A¹.
