2668 4558
432 117 516 170 ωτι
535 117 787 172 ιιιιιοεεεκονε.
1128 125 1146 188 7

68 297 143 366 τοῖς
164 285 225 370 μὲν
248 284 382 367 στόμασι
403 287 486 368 μετὰ
505 280 724 371 Ἀλεξάνδρου
748 287 805 356 διὰ
826 288 905 369 τοὺς
920 293 1054 375 καιροὺς
1069 292 1149 362 ἀκο-

69 392 211 458 λουθεῖν
233 382 462 473 ἠναγκάζοντο,
485 397 560 468 ταῖς
584 384 617 455 δ’
643 388 786 470 εὐνοίαις
807 392 890 474 μετὰ
914 396 1070 479 Θηβαίων
1092 395 1148 462 καί

68 500 130 579 της
158 486 409 576 τῶνἙλλήνων
439 489 631 574 ἐλευθερίας
657 481 757 577 ἦσαν,
791 492 848 559 καί
875 496 934 560 τοῦ
964 502 1147 583 στρατηγοῦ

70 591 181 660 αὐτῶν
194 586 354 659 Ἀστύλου
378 587 477 658 ὠνίου
502 591 606 673 όντος,
630 590 745 680 ῶσπερ
768 595 823 662 καὶ
836 598 1041 687 Στρατοκλῆς
1061 591 1145 679 εἶπε,

4 769 5 776 χ
69 699 124 763 καί
157 696 235 761 δέκα
263 693 409 761 τάλαντα
439 693 610 774 αἰτοῦντος
636 694 722 764 ῶστε
743 695 876 783 ἀγαγεῖν
899 699 958 788 τήν
980 698 1142 788 βοήθειαν

4 845 5 854 ι
70 809 145 876 τοῖς
165 801 337 884 Θηβαίοις,
360 795 414 863 καί
436 799 501 864 τῶν
525 802 735 882 πρεσβευτῶν
759 795 803 878 ῶς
825 803 942 869 τοῦτον
966 801 1144 884 ἐλθόντων,

4 973 5 980 χ
74 899 112 966 ὃν
135 897 255 986 ᾔδεσαν
278 898 395 981 ἔχοντα
417 898 455 965 τὸ
477 899 648 983 βασιλικὸν
670 911 814 984 χρυσίον,
838 904 891 969 καὶ
914 904 1076 987 δεομένων
1092 907 1145 972 καί

79 999 282 1070 ἱκετευόντων
313 1002 429 1067 δοῦναι
458 1001 499 1067 τά
524 1001 675 1090 χρήματα
698 1003 744 1081 εἷς
766 1004 824 1089 τήν
846 1007 904 1090 τῆς
926 1004 1058 1084 πόλεως
1080 1030 1146 1073 σω-

4 1152 6 1186 r
79 1110 203 1190 τηρίαν,
239 1100 298 1170 οὐκ
326 1101 503 1190 ἐτόλμησεν
533 1099 551 1172 ό
580 1104 700 1190 μιαρὸς
727 1099 824 1184 οὗτος
856 1106 911 1174 καὶ
941 1105 1061 1195 ἀσεβής
1091 1112 1194 1178 sethi

75 1205 307 1293 αἰσχροκερδής
340 1199 409 1272 άπδ
442 1208 506 1272 τῶν
535 1207 670 1273 πολλῶν
698 1208 871 1295 χρημάτων
901 1204 946 1274 ῶν
977 1204 1041 1292 εἶχε
1070 1210 1146 1276 δέκα

70 1308 172 1394 μόνον
194 1307 340 1375 τάλαντα
363 1309 491 1388 δοῦναι,
521 1309 687 1389 τοσαύτας
718 1307 804 1398 δρῶν
836 1311 974 1391 ἐλπίδας
995 1308 1147 1400 ἀποφαι-

71 1410 193 1488 νσόσας
209 1409 256 1487 εἰς
270 1407 329 1494 τήν
348 1413 502 1496 Θηβαίων
522 1417 697 1498 σωτηρίαν,
721 1410 806 1480 ἀλλὰ
828 1414 993 1497 περιεῖδεν
1017 1414 1147 1499 ἕτίρους

70 1513 191 1590 δόντας
213 1513 312 1576 τοῦτο
333 1510 372 1577 τό
395 1509 549 1595 ἀργύριον
556 1563 565 1592 ,
596 1511 710 1599 ῶσπερ
738 1517 792 1581 καί
814 1517 1020 1606 Στρατοκλῆς
1042 1513 1146 1604 εἶπεν,

67 1613 157 1700 όπὲρ
180 1620 241 1679 τοῦ
262 1613 366 1680 πάλιν
389 1611 553 1681 ἀπελθεῖν
576 1615 688 1683 σ’ίκαδε
710 1617 787 1696 τοὺς
808 1617 1048 1704 ἐξεληλυθότας
1067 1617 1145 1705 Ἀρ-

68 1717 179 1785 κάδων
202 1715 321 1799 καὶμὴ
345 1721 516 1805 βοηθῆσαι
538 1727 611 1795 τοῖς
635 1716 807 1804 Θηβαίοις.
827 1719 831 1802 Ι
853 1711 928 1802 Ἆρ’
953 1717 1030 1803 δμῖν
1054 1722 1145 1790 δοκεῖ
1155 1729 1195 1790 22

71 1821 197 1903 μικρῶν
225 1820 331 1884 κακῶν
353 1810 374 1906 ή
396 1821 462 1884 τῶν
483 1817 646 1902 τυχόντων
669 1816 728 1906 όλη
751 1822 792 1908 τῇ
813 1816 941 1886 Ἑλλάδι
963 1822 1070 1900 α’ίτιος
1091 1847 1144 1909 γε·
1167 1839 1196 1890 tt

74 1922 239 2006 γενῆσθαι
254 1924 474 2006 Δημοσθένης
495 1920 550 1988 καὶ
572 1917 592 2009 ή
614 1920 733 1988 τσότοα
757 1918 975 2008 φιλαργυρίας
999 1917 1019 2010 ἢ
1038 1946 1144 2006 προσ·

78 2021 168 2108 ήκειν
190 2014 286 2086 αὐτὸν
306 2015 367 2108 ἀφ’
385 2016 477 2103 ὑμῶν
501 2019 593 2090 έλόσυ
615 2019 705 2100 τινὸς
726 2022 894 2107 τυγχάνειν
916 2027 1055 2090 τοιαῦτα
1070 2026 1144 2091 δια-

80 2128 321 2213 πεπραγμένον,
356 2121 434 2190 stt
465 2122 504 2190 οά
533 2127 592 2213 τής
620 2123 757 2212 ἐσχάτης
784 2133 947 2212 τιμωρίας
976 2128 1030 2194 καί
1059 2124 1143 2214 ὑπὲρ

78 2232 144 2292 τῶν
166 2227 221 2292 νόν
242 2227 294 2292 καὶ
315 2221 400 2310 ὑπὲρ
423 2227 488 2292 τῶν
504 2226 667 2312 πρότερον
681 2233 900 2315 γεγενημένων
917 2223 1144 2318 ἀδικημάτων,·

73 2323 269 2394 άκοόσσνται
290 2327 352 2413 τήν
374 2332 491 2412 κρίσιν,
515 2312 543 2392 ῶ
563 2326 752 2417 Ἀθηναῖοι,
775 2330 833 2421 τὴν
856 2325 915 2418 ὑφ’
933 2327 1023 2416 ὑμῶν
1047 2333 1080 2402 ἐν
1103 2337 1145 2423 τῇ

68 2429 212 2517 τήμερον
234 2426 341 2517 ήμίρᾳ
362 2435 572 2517 γεγενημένην
594 2431 717 2512 πάντες
732 2431 927 2532 ἀνθρωπσι·
950 2436 1145 2525 θεωρήσου-

5 2593 6 2596 ,
68 2555 124 2597 σιν
155 2526 241 2613 ὖμᾶς
270 2531 346 2610 τούς
374 2530 561 2617 κρίνοντας,
595 2529 688 2613 ὅπως
713 2538 844 2624 χρήσθε
872 2543 920 2622 τῶ
942 2535 983 2602 τὰ
1005 2539 1144 2602 τοιαῦτα

68 2631 365 2721 διαπεπραγμένῳ.
402 2630 495 2717 ὑμεῖς
518 2629 598 2702 ἔσθ’
617 2635 650 2702 οἱ
673 2636 730 2703 διά
751 2637 869 2723 πολλῶ
891 2638 957 2702 τῶν
978 2633 1046 2703 tao*
1067 2635 1194 2706 τού-23

66 2761 131 2804 τοο
159 2742 403 2820 πεπραγμένων
433 2732 643 2821 ἀδικημάτων
666 2736 790 2804 ἐλάττω
813 2737 956 2822 μεγάλας
977 2739 1032 2804 καλ
1054 2733 1144 2806 ἀπα-

68 2834 250 2923 ραιτήτους
273 2837 373 2916 όνίοις
396 2836 642 2916 ἐπιτεθεικότες
667 2843 837 2921 τιμωρίας.
881 2835 975 2922 ὑμεῖς
996 2845 1143 2908 Μένωνα

66 2941 130 3025 μὲν
152 2940 210 3007 τὸν
232 2940 413 3024 μυλωθρὸν
436 2936 657 3020 ἀπεκτείνατε,
683 2940 770 3007 διότι
791 2942 899 3009 παῖδα
918 2941 1092 3028 ἐλεύθερον
1109 2945 1143 3012 ἐκ

67 3041 241 3128 Πελλήνης
264 3043 357 3125 έσχεν
380 3041 414 3110 έν
436 3044 483 3130 τῷ
504 3044 647 3126 μυλῶνι·
688 3046 865 3128 Θεμίστιον
896 3045 932 3112 δὲ
960 3043 1018 3111 τάν
1043 3039 1143 3134 Ἀφι-

69 3145 196 3230 δναῖον,
213 3144 301 3210 διότι
315 3143 375 3231 τήν
388 3139 512 3211 Ῥοδίαν
526 3149 761 3230 κιθαρίστριαν
777 3142 909 3231 ὕβρισεν
921 3141 1140 3228 Ἐλευσινίοις,

65 3246 208 3333 θανάτῳ
235 3244 446 3332 ἐζημιώσατε,
476 3239 676 3331 Εὐθύμαχον
700 3247 745 3326 δέ,
777 3247 865 3315 διότι
886 3246 945 3336 τήν
965 3245 1143 3317 Ὀλυνθίαν

65 3347 248 3433 παιδίσκην
265 3348 399 3434 ἔστησεν
416 3345 474 3414 ἐπ’
493 3347 679 3437 οἰκήματος.
712 3348 769 3415 διά
784 3349 820 3416 δὲ·
841 3353 957 3417 τοῦτον
980 3348 1037 3417 τὸν
1059 3374 1143 3434 προ·
1153 3356 1194 3417 24

139 3521 155 3572 3
173 3533 229 3584 squ.
249 3517 281 3569 σί.
300 3517 376 3570 Ιεοει.
394 3516 459 3582 XIV,
474 3520 504 3571 15
510 3534 558 3638 &a
561 3520 638 3572 2990.
656 3546 690 3556 -
709 3522 724 3572 5
742 3520 799 3572 τοῖς
815 3519 884 3583 (siet)
902 3518 961 3572 τῶν
978 3518 1000 3572 A
1015 3534 1062 3585 pr..
1080 3534 1143 3573 εοιι.

68 3587 109 3642 Αἵ
131 3615 165 3625 -
182 3585 225 3650 21,
244 3587 260 3640 3
277 3579 489 3654 ἀποφαινοόσαε,
559 3601 606 3638 rm.
623 3615 657 3624 -
674 3585 747 3652 ἀλλ’]
767 3583 897 3655 φιλαρχία
914 3589 937 3638 A
954 3602 1000 3653 pr„
1019 3594 1083 3639 corr.
1100 3588 1144 3641 A¹.

70 3683 105 3692 -
128 3659 143 3708 5
166 3656 212 3704 καί
231 3649 300 3722 ὑπὲρ
317 3653 377 3706 τῶν
393 3653 446 3706 νῦν
464 3669 513 3705 om.
532 3653 562 3706 N.
587 3683 620 3692 —
642 3652 687 3718 23,
708 3659 720 3708 1
741 3651 853 3706 πολλῶν
871 3653 893 3704 A
910 3669 947 3720 pr.
970 3655 1057 3720 Npr„
1080 3671 1143 3710 σοιτ.

67 3721 113 3787 Nff,
142 3722 168 3774 in
192 3722 250 3773 Αν
273 3737 382 3774 erasum.
407 3751 438 3760 -
465 3715 614 3787 sptem
639 3738 703 3775 corr.
722 3721 793 3774 Turr.
818 3749 852 3760 -
880 3717 1027 3789 ἀφνιδιιῖσν
1050 3722 1072 3776 A
1096 3739 1143 3790 ph,

70 3805 134 3843 corr.
147 3790 189 3842 A¹.
208 3817 240 3828 -
260 3793 273 3842 t
293 3787 412 3855 θανάτῳ
434 3785 603 3855 ἐζημιώσατε
620 3794 738 3856 suspecta
757 3787 865 3841 Blaesio.
883 3818 917 3826 -
935 3791 950 3856 ξ
966 3789 1005 3846 24
1022 3805 1142 3859 expressa

69 3873 101 3910 ex
114 3855 293 3922 Demosthene,
311 3858 438 3909 Aeschine
455 3856 585 3922 (111‚133),
604 3856 738 3923 stratocle,
756 3857 789 3909 ct.
804 3857 1005 3923 Agatharchides
1018 3876 1059 3928 ap.
1069 3859 1146 3914 Phot.
