2668 4558
228 171 269 232 30
675 169 857 224 Amwxor

229 339 470 429 ἐβουλήθησαν,
493 337 776 425 μεταβεβλημένον
800 339 836 404 δὲ
858 336 957 406 αότὸν
979 336 1034 404 καὶ
1055 337 1115 418 τάς
1136 337 1230 427 όπδρ
1250 349 1312 407 τοῦ

229 443 333 530 δήμου
356 441 494 528 πράξεις
517 439 827 526 ἐγκαταλελοιπότα,
849 448 967 506 τοῦτον
983 443 1208 524 περιποιῆσαι
1226 443 1313 525 βοό-

178 551 218 615 98
227 547 330 612 λεσθε
338 573 350 627 ,·
384 542 457 623 οόκ,
487 542 546 611 ἐὰν
576 544 770 629 σωφρονῆτε
799 543 852 608 καλ
880 543 988 620 καλῶς
1016 545 1069 609 καλ
1098 542 1184 627 ὑπὲρ
1209 541 1311 626 ὑμῶν

227 644 333 714 αότῶν
365 647 419 713 καλ
447 647 504 734 τής
533 642 664 722 πόλεως
689 642 909 729 βουλεύησθε·
943 641 1029 711 άλλά
1064 644 1212 724 δέξασθε
1248 645 1310 733 τήν

226 747 357 836 ἀγαθήν
383 747 495 834 τύχην,
525 744 546 834 ἢ
573 744 836 834 τιμωρήσασθαι
861 747 1033 829 παρέδωκε
1061 753 1127 813 τῶν
1149 748 1310 834 ῥητόρων

225 850 303 927 τοὺς
323 849 383 937 τήν
406 850 505 916 πόλιν
530 847 586 915 διὰ
608 847 668 932 τήν
698 845 805 914 αύτῶν
828 848 1030 933 δωροδοκίαν
1052 849 1217 938 ταπεινήν
1245 877 1310 918 πε-

225 952 423 1038 ποιηκότας,
445 951 500 1019 καί
523 948 734 1037 φυλάξασθε,
763 950 918 1036 καθάπερ
942 951 974 1017 οί
995 952 1073 1018 θεοὶ
1095 953 1309 1040 προειρήκα-

225 1078 278 1120 σιν
302 1051 379 1137 ύμῖν
402 1054 435 1121 ἐν
457 1064 531 1132 ταῖς
553 1049 724 1136 μαντείαις
747 1052 917 1133 πολλάκις,
940 1050 1017 1132 τούς
1033 1055 1209 1132 τοιούτους
1227 1052 1308 1144 ἦγε-

223 1157 328 1239 μόνας
342 1158 395 1223 καλ
412 1155 628 1240 συμβούλους.
662 1147 822 1221 άκοόσατε
844 1154 880 1223 δὲ
902 1153 1004 1245 αότή
1011 1180 1028 1234 ς
1049 1159 1107 1241 τῆς
1128 1165 1306 1239 μαντείας.

224 1257 314 1344 Λέγε
335 1257 395 1347 τήν
416 1265 584 1342 μαντείαν.

665 1345 853 1398 MANTEIA.

173 1520 214 1582 99
308 1515 389 1591 Πῶς
409 1501 465 1578 σύν
481 1517 561 1596 μίαν
579 1511 709 1598 γνώμην
727 1503 849 1595 ίξομεν,
873 1503 1099 1596 διἈθηναῖοι,
1122 1516 1196 1592 πῶς
1215 1514 1306 1599 ἱμο-

223 1613 385 1703 νοήσομεν
408 1609 553 1691 άπαντες
577 1610 659 1695 ὑπὲρ
680 1620 747 1679 τῶν
778 1614 870 1700 κοινή
893 1613 1138 1701 συμφερόντων,
1163 1611 1247 1683 όταν
1269 1618 1306 1685 σί

223 1714 379 1806 ἡγεμόνες
399 1716 455 1783 καί
477 1716 510 1782 σί
532 1717 719 1803 δημαγωγοί
741 1715 889 1801 χρήματα
911 1716 1133 1799 λαμβάνοντες
1148 1721 1304 1801 προΐων-

221 1844 277 1886 ται
305 1818 347 1885 τά
375 1821 432 1905 τῆς
454 1821 616 1903 πατρίδος
642 1823 869 1903 συμφέροντα,
897 1819 951 1884 καλ
980 1813 1073 1901 ὑμεῖς
1101 1820 1161 1901 μὲν
1186 1820 1246 1887 καί
1283 1818 1303 1886 ό

222 1923 327 2010 δήμος
350 1917 439 1999 άπας
461 1919 629 2007 κινδυνεύῃ
652 1922 812 2004 περὶτοῦ
836 1919 980 2006 ἐδάφους
1001 1928 1061 1986 τοῦ
1082 1923 1140 2009 τής
1161 1921 1302 2000 πόλεως

220 2026 272 2090 καλ
302 2027 368 2089 τῶν
397 2022 493 2106 ἱερῶν
521 2025 585 2091 τῶν
613 2017 779 2109 ποτρρίων
808 2022 863 2090 καὶ
891 2023 1022 2089 παίδων
1045 2025 1298 2108 καὶγυναικῶν,

221 2126 253 2192 οί
282 2127 318 2192 δέ
346 2125 577 2211 διηλλαγμένοι
605 2125 692 2208 πρὸς
721 2122 841 2202 αύτούς
870 2124 903 2190 ἐν
929 2127 990 2207 μὲν
1012 2135 1086 2203 ταῖς
1109 2124 1301 2212 ἐκκλησίαις

220 2229 440 2310 λοιδορῶνται
465 2229 518 2292 καί
542 2209 794 2311 προσκρούωσιν
816 2224 973 2312 ἀλλήλοις
996 2225 1196 2312 ἐξεπίτηδες,
1225 2230 1300 2316 ἰδίᾳ

222 2329 257 2396 δὲ
278 2323 381 2395 ταύτὰ
403 2328 595 2413 πράττωσιν
618 2328 844 2408 ἐξαπατῶντες
872 2324 956 2412 ύμάς
978 2330 1053 2406 τούς
1078 2329 1184 2414 ῥᾷστα
1212 2357 1302 2396 πει·
1326 2349 1327 2408 ί

148 2438 208 2500 100
221 2435 388 2514 θομίνους
409 2434 482 2508 τοῖς
502 2429 628 2498 τούτων
651 2431 778 2515 λόγοις,·
800 2437 833 2498 τί
853 2430 915 2517 γάρ
939 2431 1009 2498 ἐστι
1030 2428 1167 2518 ῥήτορος
1188 2431 1298 2515 δημο·

167 2547 208 2598 103
218 2535 311 2601 τικσῦ
332 2531 388 2599 καί
408 2534 589 2614 μισοῦντος
610 2532 687 2610 τούς
706 2533 711 2620 Ι
730 2533 811 2600 κατά
826 2541 885 2622 τής
907 2534 1037 2612 πόλεως
1060 2533 1212 2616 λέγοντας
1237 2534 1297 2602 καί
1325 2519 1326 2558 ί

219 2635 425 2724 γράφοντας,·
458 2628 479 2724 ή
505 2641 539 2701 τί
568 2657 652 2721 φασι
679 2635 757 2714 τούς
784 2635 850 2720 πρὸ
873 2634 965 2725 ἡμῶν
986 2633 1233 2720 γεγενημένους,
1264 2628 1294 2700 ὦ
1324 2671 1325 2713 η

219 2737 433 2823 Δημόσθενες
448 2739 501 2803 καί
513 2736 709 2819 Πολύευκτε,
727 2738 888 2805 διατελεῖν
903 2740 1094 2817 ποιοῦντας,
1117 2740 1170 2802 καί
1187 2741 1291 2803 ταῦτα
1323 2807 1324 2810 ,

219 2837 354 2916 οόδενδς
378 2840 489 2905 δεινοῦ
509 2838 584 2906 τότε
605 2839 664 2924 τήν
688 2838 787 2906 πόλιν
810 2837 1063 2925 περιεστηκότος
1070 2868 1082 2922 ,·
1104 2837 1143 2906 ού
1165 2844 1287 2924 κρίνειν
1323 2817 1324 2865 ί

219 2934 401 3027 ἀλλήλους,·
435 2937 493 3006 οόκ
522 2939 757 3026 εἰσαγγέλλειν,
791 2935 829 3007 οὗ
851 2941 1044 3029 γράφεσθαι
1066 2941 1270 3025 παρανόμων
1278 2969 1288 3024 ,·
1322 2979 1323 3017 η

219 3043 311 3110 ἐστιν
340 3030 397 3107 οὗν
427 3038 447 3106 ό
474 3066 508 3107 τι
535 3042 742 3130 πεποιήκατε
772 3041 897 3110 τούτων
925 3039 1017 3126 ὑμεῖς
1046 3043 1079 3109 οί
1108 3042 1287 3129 φάσκοντες

218 3151 278 3211 τοί
301 3145 406 3230 δήμου
428 3141 591 3230 κήδεσθαι
611 3144 673 3211 καί
687 3143 744 3233 τήν
768 3143 931 3231 σωτηρίαν
953 3141 1031 3229 ὑμῖν
1055 3146 1088 3214 ἐν
1109 3153 1149 3232 τῇ
1164 3144 1286 3212 τούτων

288 3367 304 3418 6
321 3359 507 3431 βονλήσισθω
524 3363 631 3419 Dobtee.
649 3393 683 3403 -
699 3361 745 3430 98,
764 3368 779 3418 2
797 3361 964 3432 βουλεύεσθε
982 3364 1028 3420 ΝΔ
1046 3383 1097 3433 pr„
1121 3381 1185 3420 corr.
1203 3367 1284 3418 A1-
1317 3359 1320 3478 ή

218 3428 334 3494 δέξεσθε
351 3431 457 3485 Dohree.
481 3459 516 3472 -
539 3435 554 3485 3
573 3428 734 3500 παρέδωκεν
749 3429 847 3553 Q&
864 3435 923 3486 mal.
941 3434 1078 3488 Maetzner.
1102 3463 1136 3473 -
1159 3432 1285 3487 βούταν

217 3501 273 3553 ΑΝ.
295 3530 329 3539 -
353 3496 546 3569 όφυλάξεσθε
563 3499 671 3554 Dobree.
693 3529 726 3539 -
748 3504 762 3553 ’ί
786 3520 804 3551 α
846 3516 868 3553 ιτ
885 3501 988 3570 Gruter,
1012 3503 1044 3556 εί.
1063 3505 1079 3568 5
1099 3505 1140 3556 78.
1158 3531 1191 3541 -
1208 3502 1282 3568 99‚1

218 3564 412 3636 ὁμονοήσωμεν
423 3568 454 3622 N.
472 3598 506 3608 -
523 3572 540 3622 4
557 3565 631 3637 όμεῖτ
646 3571 698 3637 μὲν
715 3564 730 3622 ό
747 3570 827 3638 Apu,
844 3574 891 3622 καί
909 3569 967 3623 εδδ.
983 3570 1026 3636 Δί,
1044 3570 1125 3638 primo
1144 3570 1209 3623 salso
1228 3577 1284 3622 ante

216 3638 276 3704 μὲν,
294 3641 347 3689 tum
365 3642 424 3690 ante
442 3629 465 3689 ό.
483 3666 518 3674 -
535 3640 550 3690 5
569 3634 757 3690 κινδυνεύειΔ
792 3653 812 3690 r,
830 3638 853 3690 N
871 3655 917 3706 pr„
939 3654 1003 3692 corr.
1021 3639 1100 3693 A²N¹.
1117 3642 1182 3691 -7
1202 3633 1284 3704 διηλλ.

261 3702 285 3757 *e
302 3699 363 3758 αότ.
381 3709 441 3773 post
458 3700 516 3771 ἰδία
534 3701 566 3759 δί
582 3706 713 3774 transponi
730 3655 803 3758 ωτίίί
820 3705 895 3759 Blass
917 3735 950 3746 —
974 3703 1069 3760 αότοδε
1085 3706 1131 3758 ΑΝ
1167 3722 1199 3758 r.:
1223 3723 1283 3759 corr.

217 3723 313 3826 πλοκ-
330 3775 346 3825 9
364 3773 451 3826 ταῦτα
468 3775 499 3837 Α,
516 3771 553 3827 τοὶ
571 3770 642 3827 αὐτὰ
660 3774 695 3826 N:
717 3789 782 3827 corr.
799 3774 872 3826 Wolf
888 3804 922 3814 -
939 3778 994 3828 τοῖε
1012 3776 1033 3838 A
1051 3790 1098 3843 pn,
1115 3790 1177 3827 τοντ
1194 3776 1236 3828 Α“.
1254 3803 1284 3814 -

172 3878 192 3912 .,
216 3841 233 3896 1
271 3833 281 3900 ζ
297 3841 312 3891 3
335 3833 415 3908 ύμιῑν
431 3841 533 3894 Reiske.
553 3871 584 3881 -
603 3847 617 3895 7
641 3844 718 3895 ἐστιν
735 3830 784 3894 οὖν
801 3879 877 3897 .....
897 3847 954 3910 101,
971 3847 987 3897 2
1007 3839 1048 3896 ὡν
1065 3844 1092 3896 in
1109 3843 1223 3910 margine
1240 3844 1284 3895 ha·

173 3925 181 3942 ¹
198 3906 319 3980 ,mm
337 3936 371 3946 -
388 3912 402 3961 ’ί
421 3906 449 3959 οἱ
464 3910 595 3964 inmuta
612 3910 656 3964 N2.
674 3939 709 3950 -
727 3912 742 3964 8
759 3907 825 3977 ἡμῖν
841 3911 864 3962 Α
881 3927 927 3980 ηε,
946 3927 1010 3966 corr.
1029 3911 1071 3966 Δί.
