2668 4558
391 218 475 272 ΚΑΤΑ
493 216 745 272 ΔΗΜΟΣΘΕΝΟΥΣ.
1069 217 1108 276 13

16 417 18 432 <
50 390 149 478 δήμου,
172 387 223 472 μδι
244 385 305 454 Δί’
330 381 368 452 οὗ
390 385 433 454 τά
454 395 593 454 τοιαῦτα
614 386 740 474 κινάδη,
765 391 798 454 οἳ
821 387 1028 476 πεποιήκασι
1049 388 1109 472 μέν

49 488 126 558 οἰδὲν
150 487 231 557 οάδὲ
253 489 437 576 πράξουσιν
460 484 589 575 ἀγαθόν
618 488 702 573 ὑπὲρ
729 493 786 574 τῆς
808 490 953 570 πόλεως,
983 491 1043 579 τὴν
1073 492 1109 558 δὲ

46 591 142 660 οότῶν
165 591 356 678 ἀσφάλειαν
377 594 551 679 τηροῦντες
578 594 632 658 καὶ
662 591 832 659 πάντοθεν
862 590 1109 677 ἀργυριζόμενοι

16 719 18 736 s
43 698 86 760 καὶ
115 693 338 782 πεποιηκότες
365 693 422 782 τὴν
451 693 551 760 πόλιν
581 688 777 778 ἀδοξοτέραν
800 694 939 775 ἑαυτῶν,
969 698 1022 762 καί
1053 696 1109 761 νῦν

16 818 19 828 ’
45 798 226 884 εἰλημμένοι
243 798 333 881 δῶρα
347 792 431 862 καθ’
443 790 534 879 ἀμῶν
551 795 731 882 εἰληφότες,
748 794 1001 881 παρακρούονθ’
1014 795 1108 880 ὑμᾶς,

16 921 18 928 ·
44 903 89 965 καὶ
120 894 255 979 ἀξιοῦσι
284 901 432 964 τοιοῦτοι
454 905 660 984 γεγενημένοι
682 902 760 984 περὶ
782 908 841 986 τῆς
864 899 987 966 ἑαυτῶν
1011 901 1110 967 πλεο-

16 1011 18 1014 ’
48 1001 141 1080 νεξίας
162 1001 493 1086 παραγγέλλειν·
516 999 573 1078 οὓς
594 1004 689 1089 χρῆν
707 999 867 1068 τεθνάναι
882 1002 964 1069 κατὰ
979 1002 1017 1068 τὸ
1033 1003 1110 1070 ἑαυ-

51 1107 106 1168 τῶν
125 1105 287 1191 ψι’φιομα
311 1103 427 1184 πάλαι,
450 1106 589 1169 τοιαῦτα
612 1106 931 1189 διαπεπραγμένους.

16 1241 19 1250 ·
126 1205 191 1274 Οόκ
215 1205 425 1288 αἰσχύνεσθε,
457 1204 573 1290 ἀνδρες
592 1204 782 1292 Ἀθηναῖοι,
811 1205 869 1292 τὴν
891 1205 974 1272 κατά
995 1210 1109 1291 Δημο-
1119 1211 1158 1270 41

16 1313 18 1352 3
49 1312 178 1387 σθένους
207 1306 372 1391 τιμωρίαν
401 1307 436 1375 ἐκ
463 1311 529 1374 τῶν
559 1305 726 1397 ἡμετέρων
754 1309 858 1394 λόγων
881 1307 990 1390 μόνων
1012 1304 1110 1397 ἡγοί-

17 1423 18 1432 ’
47 1433 129 1488 μενοι
152 1413 222 1478 δεῖν
244 1416 365 1492 κρίνειν
373 1439 385 1492 ,·
408 1407 466 1474 οὐκ
487 1409 560 1476 ἰ’στε
582 1413 697 1476 τοῦτον
718 1405 814 1478 οὗτοὶ
830 1410 1014 1493 δωροδόκον
1031 1407 1111 1475 όντα

16 1519 19 1568 Γ»
47 1513 96 1575 καί
123 1512 265 1598 κλέπτην
296 1514 349 1577 καί
379 1510 546 1598 προδότην
577 1518 642 1579 τῶν
670 1511 793 1599 φίλων,
823 1512 958 1602 καὶτῆς
980 1511 1111 1591 πόλεως

16 1631 20 1706 ᾗ
47 1613 173 1692 ἀνάξιον
203 1613 257 1680 καί
280 1611 381 1679 αὐτόν
409 1618 462 1680 καί
491 1615 549 1703 την
580 1616 656 1697 περὶ
683 1617 799 1680 τοῦτον
822 1615 918 1701 τύχην
941 1621 1111 1702 γεγενημέ-

16 1725 23 1766 '¹2
47 1742 118 1800 νην,·
150 1711 218 1783 ἀπό
242 1714 352 1784 ποίων
375 1716 604 1803 ψηφισμάτων
627 1711 724 1795 οδτος
744 1711 768 1805 ἢ
789 1725 897 1784 ποίων
921 1719 1029 1800 νόμων
1052 1713 1110 1785 οόκ

50 1819 174 1904 εἴληφεν
202 1813 376 1905 ἀργόριον,·
414 1818 479 1887 είσί
507 1845 594 1898 τινες
623 1819 656 1886 ἐν
683 1823 729 1906 τῷ
758 1822 956 1906 δικαστηρίῳ
984 1829 1049 1885 τῶν
1076 1821 1110 1886 ἐν
1120 1824 1161 1886 42

51 1921 118 1994 τοῖς
138 1918 337 2002 τριακοσίοις
358 1925 584 2005 γεγενημένων,
615 1913 676 1987 ὅθ’
702 1913 800 1998 οὗτος
822 1920 930 1988 ἐτίθει
952 1944 1008 1986 τον
1031 1921 1112 2007 περὶ

54 2020 117 2083 τῶν
138 2022 331 2108 τριηράρχων
354 2022 454 2106 νόμον
462 2052 474 2105 ,·
497 2021 535 2090 οὗ
555 2023 698 2109 φράσετε
721 2027 792 2101 τοῖς
807 2022 950 2109 πλησίον
968 2020 1021 2089 ότι
1035 2030 1111 2106 τρία

60 2118 192 2188 τάλαντα
213 2123 315 2208 λοβῶν
336 2130 521 2212 μετέγραφε
543 2125 598 2192 καὶ
611 2123 823 2210 μετεσκεύαζε
838 2125 894 2192 τὸν
910 2125 1011 2208 νόμον
1026 2125 1109 2192 καθ’

63 2219 187 2310 ἑκάστην
208 2225 381 2314 ἐκκλησίαν,
405 2230 458 2294 καί
481 2227 523 2294 τά
544 2229 604 2310 μέν
627 2228 751 2297 ἐπώλει
773 2223 818 2296 ῶν
842 2227 970 2318 εἰλήφει
988 2228 1045 2315 τὴν
1061 2254 1112 2296 τι·

57 2323 128 2406 μην,
157 2325 195 2393 τά
221 2321 254 2394 δ’
278 2327 487 2413 ἀποδόμενος
517 2327 575 2397 οὐκ
601 2330 772 2417 ἐβεβαίου,·
807 2332 924 2401 ε’ίπατέ
945 2356 1004 2415 μοι
1025 2329 1111 2417 πρός
1121 2336 1161 2399 43

52 2423 142 2508 Διός,
172 2420 352 2514 ῶάνδρες,
383 2441 506 2516 προῖκα
534 2437 651 2499 τοῦτον
682 2436 800 2503 οἴεσθε
825 2435 955 2520 γράψαι
976 2438 1111 2521 Διφίλῳ

16 2563 20 2688 η
51 2527 102 2612 τὴν
124 2533 155 2598 ἐν
178 2541 365 2622 πρυτανείῳ
393 2542 522 2621 σίτησιν
550 2539 603 2602 καί
632 2534 691 2623 τήν
721 2538 767 2615 είς
794 2537 852 2622 τὴν
881 2534 1002 2622 ἀγοράν
1032 2535 1112 2602 ἀνα-

49 2641 286 2722 τεθησομένην
310 2637 439 2720 εἰκόνας
471 2631 492 2720 ἢ
513 2635 550 2701 τδ
574 2647 657 2726 ποιῇ
665 2663 735 2705 σαι
756 2639 896 2714 πολίτας
917 2635 1002 2720 ὑμᾶς
1023 2643 1112 2702 Χαι-

49 2735 177 2822 ρέφιλον
201 2742 254 2806 καί
280 2738 433 2806 Φείδωνα
460 2741 513 2805 καὶ
536 2737 718 2824 Πάμφιλον
747 2738 802 2806 καί
826 2745 903 2806 Φοί
910 2741 929 2804 δ
937 2763 1062 2821 ιππον,·
1091 2733 1112 2828 ἢ

49 2840 143 2909 πόλιν
160 2843 332 2930 Ἐπιγένην
354 2845 407 2909 καί
424 2840 563 2908 Κόνωνα
585 2844 662 2921 τοὺς
684 2843 902 2927 τραπεζίτας,·
932 2835 952 2931 ἢ
973 2842 1011 2909 τὸ
1033 2842 1111 2925 χαλ-

50 2951 117 3023 κοῦς
138 2946 170 3013 ἐν
195 2944 301 3034 ἀγορᾷ
325 2948 446 3032 στῆσαι
459 2944 697 3032 Παιρισάδην
720 2943 774 3011 καί
789 2944 936 3030 Σάτυρον
959 2948 1014 3013 καὶ
1029 2953 1060 3012 Γ
1059 2945 1112 3033 όρ-

48 3069 165 3126 γιππον
189 3049 267 3126 τοὺς
290 3049 332 3114 ἐκ
353 3051 424 3114 τοῦ
446 3047 612 3114 Πόντου
635 3047 821 3131 τυράννους,
845 3043 929 3134 παρ’
955 3042 1000 3114 ῶν
1024 3043 1112 3137 αὐτῷ

52 3165 249 3178 κ...-

107 3217 152 3283 4⁰,
169 3221 185 3270 3
206 3215 237 3270 τί
258 3234 334 3284 supra
351 3233 453 3270 versum
471 3219 505 3268 Α1
523 3247 556 3256 -
574 3215 755 3283 πεποιήκασιν
772 3219 804 3272 Ν.
821 3249 856 3258 -
874 3225 889 3272 5
908 3213 1002 3270 αὐτῶν
1017 3219 1063 3271 ΑΝ
1079 3249 1113 3258 -

49 3285 206 3349 παταχόθεν
223 3285 306 3338 Blass.
327 3315 363 3325 -
386 3289 401 3337 ’ί
419 3283 640 3356 παρακρούονται
658 3287 712 3339 A1t.
735 3315 767 3324 —
793 3290 808 3340 9
830 3284 1010 3358 παραγγέλειν
1027 3289 1049 3337 Α
1067 3305 1113 3355 pr„

50 3364 105 3404 οωι.
116 3355 159 3419 A1,
179 3348 314 3422 παράγειν
330 3352 425 3415 Baiter,
444 3369 503 3405 num
521 3352 707 3425 παραληρεῖνλ
729 3384 763 3392 -
785 3350 847 3424 χρὴε
871 3371 935 3407 corr.
953 3354 1061 3407 Bekker.
1079 3384 1108 3392 —

50 3419 75 3469 λθ
92 3420 180 3474 πάλαι
197 3421 266 3473 κατιῖ
284 3440 310 3475 τ.
328 3420 348 3474 δ.
367 3437 398 3490 ην.
415 3420 447 3473 N.
468 3452 499 3460 -
525 3421 602 3488 41,2
624 3420 763 3493 ὑμετέρων
780 3425 802 3474 Α
817 3439 867 3490 pn,
892 3438 955 3474 corr.
973 3424 1015 3474 Δί.
1040 3452 1072 3461 -
1097 3426 1113 3475 4

49 3489 160 3555 κρέπτην
178 3491 202 3540 A
219 3505 270 3554 pn,
295 3505 358 3542 corr.
376 3489 411 3541 Α1
424 3519 465 3552 ,-
488 3492 548 3542 τῶν
571 3507 620 3544 om.
639 3493 661 3543 A
684 3521 716 3529 —-
735 3492 781 3557 τῆς
802 3509 832 3544 π.
851 3485 989 3558 ἀλιτήριον
1007 3490 1113 3543 Franke.

48 3580 75 3590 —
94 3559 108 3608 6
126 3574 197 3627 φηφ.
216 3555 233 3620 ἢ
251 3575 280 3610 π.
296 3553 391 3623 νόμων
408 3553 484 3609 οὗτος
501 3551 549 3609 οάκ
567 3560 596 3611 N.
616 3590 648 3597 —
665 3559 740 3624 424
758 3555 933 3622 ...ισκεόαζε
950 3558 972 3608 Α
984 3575 1030 3625 pr„
1049 3573 1112 3610 corr.

47 3621 85 3700 δ’.
101 3653 134 3662 -
152 3624 199 3689 43,
219 3627 234 3677 2
257 3621 380 3693 διιφίληνε
404 3641 467 3678 corr.
486 3627 543 3680 Ald.
567 3657 600 3666 —
623 3630 638 3680 3
657 3644 808 3694 πρυταν.ην
831 3628 853 3679 N
871 3642 921 3693 φα,
946 3641 1009 3678 corr.
1028 3626 1063 3677 N1
1081 3655 1113 3664 -

49 3691 258 3758 αναθησομένην
279 3694 348 3746 ANt:
375 3709 438 3748 corr.
461 3692 564 3747 Reiske.
589 3725 623 3734 -
646 3699 663 3748 4
685 3693 858 3762 ποιήσασθαι
884 3694 971 3747 Wurm
994 3723 1027 3732 -
1050 3688 1114 3758 ὑμῖν

50 3753 172 3814 Weidner.
193 3790 223 3799 —
243 3765 258 3814 5
277 3759 425 3829 φίλιππυνε
444 3777 507 3813 corr.
523 3762 616 3830 Bergk,
635 3761 783 3828 Φίλιππον,
801 3766 846 3814 καὶ
864 3758 948 3815 πάλιν
965 3765 984 3825 t,
1002 3758 1115 3828 ἢπιίλιν

48 3821 138 3880 habent
155 3829 209 3881 ΑΝ.
227 3859 261 3868 -
280 3833 294 3881 7
313 3825 459 3897 βιριοάδην
472 3830 542 3882 ANt:
560 3847 646 3884 veram
665 3833 775 3885 nominis
794 3832 900 3883 formam
920 3831 986 3884 tituli
1004 3838 1114 3899 servant,

51 3891 78 3943 cf.
95 3894 272 3964 Dittenberger
290 3897 349 3961 SlG,
369 3902 414 3952 101
431 3913 469 3965 sq.
488 3927 521 3936 -
539 3897 662 3970 σάτ.ρον
678 3899 700 3950 N
719 3917 765 3967 pn,
784 3914 846 3950 corr.
859 3899 881 3950 Ν
887 3899 902 3950 ¹.
922 3929 954 3938 -—
973 3902 988 3954 8
1006 3905 1037 3952 εκ
1054 3897 1115 3953 τοό-

49 3976 114 4014 τοννε
133 3981 196 4019 corr.
214 3964 309 4032 Baiter,
326 3967 358 4019 de
376 3967 483 4018 articulo
502 3965 534 4018 cf.
552 3967 612 4045 Lyq.
630 3967 695 4032 XVI,
713 3973 737 4030 4,
755 3967 899 4030 ίχθίστουε
916 3968 973 4020 Ald.
