2668 4558
413 165 497 218 ΚΑΤΑ
514 163 765 220 ΔΗΜΟΣΘΕΝΟΥΣ.
1085 168 1124 228 21

52 339 128 415 ψας
154 326 241 420 ἡμᾶς
265 327 481 416 Ἀλέξανδρος
508 332 548 398 τὸ
575 341 707 416 χρυσίον
735 333 774 400 τὸ
801 337 962 416 κομισθὲν
993 337 1039 416 εἰς
1067 339 1126 423 τὴν

51 432 164 518 χώραν
188 431 255 500 άπὸ
274 430 460 518 Ἁρπάλου,
489 438 542 503 καί
571 434 657 520 πρδς
685 439 733 524 τῷ
760 443 960 525 γεγενῆσθαι
988 441 1047 528 τὴν
1069 444 1128 530 τῆς
1238 475 1245 486 ·

53 538 180 621 βουλῆς
203 535 377 623 ἀπόφασιν
399 537 475 615 τοὺς
493 539 617 615 παῖδας
632 544 833 626 καταπέμψῃ
850 539 935 624 πρὸς
949 537 1035 627 ἡμᾶς
1049 543 1127 623 τοὺς

53 646 113 704 νῦν
139 634 183 717 εἰς
206 638 323 706 ἑαυτὸν
347 637 677 722 ἀνακεκομισμένους,
709 643 761 707 καί
785 640 908 708 τούτων
932 641 1022 723 άξιοῖ
1044 669 1128 711 πυν-

55 740 230 808 θάνεσθαι
251 740 310 825 τὴν
327 737 488 827 ἀλήθειαν
511 736 627 830 ἡμᾶς,
650 741 737 826 πρδς
758 748 859 824 θεῶν,
889 728 916 810 οἰ
939 743 1071 831 άνδρες,
1094 751 1128 812 τέ

55 844 214 927 ἰροῦμεν;
236 843 402 929 γράψεις
420 844 469 924 σύ,
482 843 705 931 Δημόσθενες,
723 846 880 929 πολεμεῖν
897 841 992 933 ἡμᾶς,
1010 847 1126 938 ἐπειδὴ
1137 855 1178 918 69

56 949 109 1011 καί
133 947 212 1023 τοὺς
233 945 395 1030 πρότερον
418 947 587 1029 πολέμους
608 947 714 1024 καλῶς
740 948 745 1032 Ι
770 947 952 1034 διῴκησαςς
981 953 1035 1018 καί
1062 951 1128 1017 πό·
1149 965 1179 1016 99

58 1047 152 1131 τερόν
182 1047 254 1114 ἐστι
281 1046 500 1132 δικαιότερον,
530 1041 570 1115 άν
598 1056 702 1114 ταῦτα
732 1047 809 1136 δόξῃ
838 1053 890 1116 καί
920 1060 992 1129 τοῖς
1015 1049 1129 1131 άλλσις

60 1148 262 1238 Ἀθηναίοις,
287 1151 334 1228 εἰς
355 1149 411 1217 τὸν
434 1149 581 1232 πόλεμον
597 1144 755 1234 ὑπάρχειν
771 1150 933 1235 μετὰτῶν
948 1150 1056 1220 ἄλλων
1073 1153 1130 1220 καί

61 1252 96 1317 τὸ
118 1253 214 1337 παρά
237 1260 297 1319 σοῦ
318 1258 465 1336 χρυσίον,
495 1243 517 1342 ἢ
537 1253 614 1332 τοὺς
635 1254 694 1334 μὲν
718 1253 837 1332 άλλσυς
859 1253 928 1321 οἰπδ
950 1263 1013 1322 τῶν
1036 1255 1129 1322 ἰδίιυν

61 1354 230 1442 κτημάτων
254 1354 389 1421 ἕκαστον
417 1354 582 1442 εἰσφέρειν
611 1359 664 1424 καί
692 1357 926 1440 καταχωνεύειν
955 1357 1012 1424 τὸν
1041 1357 1130 1425 ἰδιον

62 1457 183 1540 κόσμον
205 1464 271 1522 τιῦν
293 1461 454 1542 γυναικῶν
476 1461 530 1526 καλ
552 1457 594 1524 τά
616 1459 797 1542 ἐκπώματα
819 1459 875 1527 καὶ
896 1459 1006 1528 πάντα
1029 1459 1071 1526 τά
1094 1459 1129 1528 έν

64 1569 100 1650 τῇ
120 1560 212 1648 χώρᾳ
233 1558 434 1648 ἀναθήματα
455 1567 521 1625 τῶν
543 1566 650 1640 θεῶν,
680 1557 794 1646 ὥσπερ
818 1563 954 1648 έφησδα
976 1563 1017 1630 σὺ
1037 1561 1131 1649 γρά-

66 1676 176 1747 ψειν,
210 1655 309 1738 αὐτάς
346 1661 531 1746 εἰσενεγκὼν
569 1661 772 1749 πεντήκοντα
802 1663 947 1747 δραχμάς
975 1660 1045 1732 άπὸ
1073 1667 1132 1753 τῆς

68 1766 168 1844 οἰκίας
189 1767 248 1852 τῆς
274 1762 308 1830 έν
330 1769 484 1848 Πειραιεῖ
511 1766 563 1831 καί
592 1771 653 1851 τῆς
680 1764 713 1831 ἒν
743 1761 856 1847 άστει,·
888 1774 1047 1832 τοσοῦτον
1069 1765 1131 1852 γάρ
1215 1776 1222 1790 ”

70 1869 143 1934 κατὰ
172 1867 233 1953 τὴν
255 1873 420 1951 προτέραν
443 1864 603 1952 εἰσφοράν
627 1866 837 1954 εἰσενηνοχὼς
860 1868 965 1934 εἰκοσι
985 1868 1133 1935 τάλαντα

77 1969 159 2049 ἐ’χεις.
201 1959 223 2056 ἢ
246 1969 404 2052 πολεμεῖν
432 1969 491 2052 μὲν
514 1967 550 2035 οἰ
573 1970 729 2054 γράψεις,
759 1968 960 2037 ἀποδιδόναι
991 1970 1027 2036 δέ
1048 1969 1131 2036 κατὰ
1142 1976 1181 2037 70

81 2071 113 2134 τὸ
132 2075 344 2155 γεγραμμένον
365 2067 433 2136 ὖπδ
455 2073 515 2138 σσδ
534 2070 697 2159 ψήφισμα
717 2070 910 2150 κελεύσεις
928 2067 1132 2159 Ἀλεξάνδρῳ

86 2169 117 2234 τὸ
142 2179 366 2256 κεκομισμένον
398 2179 550 2257 χρυσίον;
590 2171 706 2240 οἰκοῦν
735 2169 819 2258 δπὲρ
850 2176 909 2239 σοῦ
938 2175 996 2241 τδν
1027 2175 1132 2262 δῆμον

82 2267 266 2342 άπσδιδόναι
289 2272 408 2362 δεήσει.
452 2279 506 2343 καλ
529 2284 598 2343 ποῦ
620 2272 712 2342 τοῦτ’
737 2277 808 2344 ἔστι
831 2278 957 2344 δίκαιον
979 2270 999 2342 ἰ
1020 2275 1132 2366 κοινὸν

76 2368 297 2464 ἤδημστικόν,
318 2378 396 2456 τοὺς
418 2379 476 2460 μέν
500 2379 732 2463 ἐργαζομένους
754 2379 928 2466 εἰσφέρειν,
955 2381 993 2446 σέ
1016 2379 1053 2448 δί
1074 2375 1135 2462 ἆρ-

70 2479 181 2562 πάζειν
209 2479 266 2548 καὶ
294 2480 464 2564 κλέπτειν,·
496 2484 550 2548 καί
586 2484 663 2560 τοὺς
691 2484 751 2567 μὲν
780 2482 925 2571 φανεράν
953 2484 1134 2567 κεκτῆσθαι

68 2583 122 2670 τήν
144 2581 262 2651 σδσίαν
285 2587 339 2649 καὶ
361 2582 431 2650 άπὸ
453 2584 572 2670 ταύτης
595 2585 769 2671 εἰσφέρειν,
794 2586 832 2651 σέ
847 2585 883 2651 δὲ
897 2582 1003 2651 πλείω
1018 2577 1039 2668 ἢ
1054 2609 1132 2651 πεν-

18 2753 19 2758 ,
66 2685 203 2770 τήκοντα
225 2687 279 2752 καλ
302 2686 416 2752 ἑκατὸν
439 2685 584 2751 τάλαντα
605 2684 646 2752 τά
669 2685 728 2768 μὲν
752 2685 786 2752 έκ
805 2688 868 2752 τῶν
889 2685 1069 2768 βασιλικῶν
1091 2685 1137 2751 τδι

65 2788 98 2854 δὲ
134 2787 170 2854 ἐκ
205 2795 270 2853 τιῦν
297 2781 514 2871 Ἀλεξάνδρου
548 2786 781 2871 πραγμάτων
816 2787 1001 2874 εἰληφέναι,
1035 2788 1140 2872 μηδὲν

64 2889 99 2958 δὲ
128 2889 273 2976 φανερὸν
302 2889 335 2957 έν
365 2897 406 2976 τῇ
434 2889 534 2956 πόλει
561 2895 758 2976 κεκτῆσθαι,
790 2884 875 2957 άλλδι
900 2888 1137 2957 διεσκευάσθαι

63 2991 150 3078 πρὸς
177 2991 236 3058 τὸν
267 2993 370 3078 δῆμον
400 2988 445 3070 ὥς
473 2986 511 3059 οὗ
540 2990 739 3060 πιστεύοντα
767 3002 839 3072 τοῖς
864 2991 970 3081 ἑαυτῷ
991 2993 1137 3060 πεπολι-

63 3091 253 3177 τευμένοις,·
283 3093 436 3172 καὶτοὺς
457 3095 517 3178 μὲν
538 3093 659 3178 νόμους
681 3093 852 3181 προλέγειν
874 3101 921 3182 τῷ
944 3094 1060 3184 ῥήτορι
1082 3093 1135 3161 καλ
1147 3099 1185 3160 71

63 3205 110 3281 τῷ
136 3198 322 3282 στρατηγῷ,
350 3194 429 3282 (τῷ)
450 3194 507 3285 τήν
530 3196 623 3281 παρά
644 3204 704 3262 τοῦ
727 3196 830 3284 δήμου
852 3194 967 3264 πίστιυ
990 3190 1138 3276 άξιοῦντι

133 3369 150 3418 4
166 3362 234 3435 πρὸς
248 3362 280 3418 τδ
294 3365 317 3416 Α
331 3382 378 3434 φα,
395 3381 458 3418 corr.
472 3367 515 3422 δι’.
531 3396 563 3406 -
578 3369 593 3420 5
607 3369 782 3436 καταμέμφει
796 3365 818 3418 Α
833 3383 878 3435 ρο,
895 3381 958 3418 corr.
973 3366 1009 3418 λ’
1021 3395 1055 3406 -
1069 3357 1140 3431 δμᾶε

62 3436 93 3489 Ν.
110 3463 148 3516 ,-
167 3439 181 3486 '1
193 3429 274 3500 δμᾶεε
288 3449 353 3486 corr.
366 3433 478 3536 διάφερε.
494 3463 538 3555 -B
546 3435 592 3501 δί),
602 3438 618 3522 ,¹
631 3431 756 3553 γράφεῇει
770 3450 834 3487 corr.
847 3434 999 3554 Stelfflmnusti
1016 3435 1082 3516 ‘1²
1094 3432 1139 3532 fin:

63 3502 1139 3637 53532352353.P'Ib‘sszaffi§fftss'ffua‘ssssmff’aess‘f'ixssmffl{mztz

62 3641 173 3706 phanus.
186 3667 219 3676 -
232 3639 308 3705 έμδυ
323 3677 364 3693 ...
380 3639 435 3708 λργ.
447 3639 469 3689 Α
479 3654 536 3690 cum
546 3639 585 3690 lit.
595 3641 671 3692 trium
680 3653 776 3690 rasura.
785 3665 819 3676 -
829 3639 845 3690 6
854 3640 900 3688 καὶ
909 3633 1036 3688 κλέπτειν
1045 3651 1096 3687 om.
1106 3638 1141 3688 At

63 3736 97 3746 -
111 3709 158 3756 καλ
168 3703 231 3758 τοδε
242 3707 293 3772 μὲν
311 3745 385 3761 .....
404 3705 538 3774 εἰσφέρειν
554 3707 580 3757 in
593 3721 672 3773 marg.
685 3705 741 3758 add.
755 3706 797 3757 Αἰ.
815 3733 849 3744 -
868 3709 882 3756 ’λ
896 3701 991 3757 πλεῖον
1002 3703 1034 3768 N,
1052 3701 1139 3756 nhlw

65 3773 151 3844 (μὲν)
164 3775 196 3827 εἰ.
210 3773 291 3826 Βλεεε.
309 3803 341 3812 --
361 3778 376 3828 9
389 3768 536 3860 χρημάτων
549 3773 627 3826 Wolf.
646 3803 676 3812 -
697 3778 728 3827 10
742 3771 862 3843 φανερὸν
874 3775 905 3823 δν
916 3773 950 3839 τῆ
963 3768 1042 3825 πόλει
1053 3772 1078 3824 in
1092 3787 1141 3823 ras.

63 3845 109 3906 3¹,
127 3842 199 3908 Apr.
218 3841 289 3895 forta
307 3841 374 3911 πρδε
391 3859 443 3894 τον
460 3838 554 3908 δῆμον.
571 3869 605 3881 --
625 3845 655 3895 11
675 3827 941 3908 πεπολιτευμένοιςΙ
956 3840 978 3892 N
991 3855 1039 3908 pr„
1055 3853 1142 3893 rasura

66 3925 143 3976 corr„
162 3905 376 3977 πσλιτιυσμίνοιε
392 3911 435 3962 At.
454 3909 543 3974 -71,
562 3911 577 3960 2
595 3909 637 3975 τῷ
656 3909 713 3965 add.
730 3908 833 3973 Βείελεε,
851 3923 901 3962 om.
921 3912 939 3962 t.
