2668 4558
392 147 476 201 ΚΑΤΑ
493 147 746 202 ΔΗΜΟΣΘΕΝΟΥΣ.
1068 149 1107 206 17

16 319 75 397 τὰς
98 318 255 395 ἐλπίδας
278 317 390 400 ἔχουσί
410 341 506 396 τινες,
530 315 588 384 ἐπ’
606 311 792 403 αὐτοφώρῳ
813 313 962 404 χρήματα
981 316 1107 402 λαμβά-
1118 329 1159 391 54

17 448 79 488 νων
104 421 286 508 ε’ίληπται,
310 426 367 485 νῦν
389 419 431 485 τά
453 419 577 501 νόμιμα
599 415 754 486 τάκεῖθεν
776 418 830 486 καί
853 420 895 485 τά
918 420 1029 485 δίκαια
1051 422 1104 486 καί

17 519 154 610 τάληθῆ
181 519 415 603 ἀσθενέστερα
442 521 613 610 γενήσεται
635 529 701 586 τῶν
723 526 965 607 Δημοσθένους
989 521 1104 604 λόγων,

17 631 65 690 καὶ
91 625 233 706 ἰσχύσει
255 624 382 705 μᾶλλον
403 625 462 712 τῆς
484 621 646 709 ἀληθείας
668 618 689 710 ἦ
712 620 805 708 παρά
820 621 939 691 τούτου
958 623 1107 711 ῥηθησο-

19 735 94 813 μένη
126 727 223 792 κατὰ
252 733 313 790 τοῦ
342 726 514 807 συνεδρίου
544 726 699 811 διαβολή,
736 721 780 803 ώς
816 723 880 808 ἀρα
911 726 1056 804 πολλούς
1086 724 1105 812 ή

18 831 118 917 βουλή
146 825 398 912 ἀποπέφαγκεν
421 822 545 894 ἀδικεῖν
567 828 626 894 τὸν
642 830 755 916 δήμου,
780 831 815 893 οἳ
829 826 1108 914 ἀποπεφεύγασιν

22 931 242 1009 εἰσελθόντες
266 929 312 1006 είς
334 929 372 993 τό
396 930 616 1016 δικαστήριον,
639 925 726 1015 καὶή
749 929 851 1017 βουλή
876 917 933 996 ἀπ’
951 928 1046 995 ένίων
1068 929 1107 996 τὸ

26 1040 180 1114 πέμπτον
214 1035 315 1113 μέρος
344 1022 381 1095 ού
411 1029 589 1116 μετείληφε
611 1038 676 1096 τών
699 1028 843 1117 ψήφωνς
876 1039 974 1096 τοῦτο
1004 1030 1041 1098 δέ
1070 1029 1107 1096 ὃν

31 1134 147 1216 τρόπον
174 1141 319 1220 γίνεται,
342 1133 465 1219 ῥᾳδίως
488 1129 632 1210 ἀπαντες
654 1133 865 1217 μαθήσεσθε.
902 1128 921 1217 ἡ
941 1131 1055 1219 βουλή,
1080 1120 1157 1206 ώ55

28 1233 148 1322 ἀνδρες,
178 1238 272 1322 ζητεῖ
293 1236 334 1300 τά
357 1239 612 1318 προσταχθέντα
634 1229 695 1321 ὑφ’
719 1231 810 1316 ύμυῖν
836 1231 891 1300 καί
915 1233 957 1300 τά
979 1259 1107 1320 γεγενη-

26 1339 103 1418 μένα
129 1333 224 1423 παρ’
243 1334 358 1415 αὑτοῖς
380 1334 566 1426 ἀδικήματα
589 1335 647 1419 οὐχ
663 1334 708 1414 ώς
723 1333 816 1420 ὑμεῖς
838 1373 881 1386 ·-
903 1343 959 1403 καί
979 1360 1038 1419 μοι
1059 1334 1105 1424 μή

26 1436 216 1530 ὀργισθῆτε
238 1479 280 1490 -
303 1438 443 1518 δικάζειν
469 1440 572 1505 ίνίοτε
588 1440 735 1517 ε’ίθισθε,
759 1447 801 1528 τῇ
817 1439 987 1526 συγγνώμῃ
1004 1441 1106 1504 πλέον

27 1533 115 1627 ήτηῖ
141 1540 263 1628 δικαίῳ
286 1539 524 1622 ἀπονέμοντες,
554 1535 630 1606 ἀλλ’
655 1537 771 1618 ἀπλώς
799 1543 856 1607 τόν
887 1541 997 1623 ένοχον
1027 1539 1107 1606 ὄντα

26 1649 99 1720 τοῖς
116 1642 330 1729 ζητουμένοις
349 1637 569 1730 (ἀποφαίνει)
589 1643 717 1708 καὶτὸν
734 1640 912 1708 ὁποιονοῦν
928 1642 1105 1730 ἠδικηκότα

30 1745 70 1808 τά
93 1746 232 1828 πάτρια,
265 1745 445 1827 νομίζουσα
467 1745 524 1810 τάν
548 1746 581 1810 έν
604 1750 675 1822 τοῖς
697 1755 827 1827 μικροῖς
850 1745 1106 1826 συνεθιζόμενον

31 1842 171 1924 ἀδικεῖν,
197 1855 315 1913 τοῦτον
345 1848 388 1913 τά
413 1846 538 1931 μεγάλα
559 1854 626 1913 τών
649 1841 857 1932 ἀδικημάτων
881 1840 1105 1928 εὐχερέστερον

37 1949 291 2028 προσδέξεσθαι.
316 1947 434 2031 διόπερ
457 1948 514 2014 τὸν
537 1947 620 2032 παρ’
639 1945 745 2014 αύτών
769 1945 1043 2034 ἀποστερήσαντα
1065 1947 1104 2012 τὸ
1115 1955 1156 2018 56

41 2047 162 2112 ναῦλον
183 2050 236 2115 τὸν
257 2055 415 2134 πορθμέα
435 2049 628 2136 ζημιώσασα
646 2051 732 2135 πρὸς
748 2045 832 2132 ὑμᾶς
848 2045 1015 2134 ἀπέφηνε·
1037 2045 1106 2115 ποί-

49 2146 100 2208 λιν
121 2148 177 2215 τὸν
195 2151 252 2238 τήν
271 2152 528 2236 πεντεδραχμίαν
548 2150 606 2218 έπὶ
628 2158 674 2237 τῷ
695 2159 754 2217 τοῦ
775 2151 820 2239 μή
843 2149 1010 2235 παρόντος
1033 2147 1105 2216 ἀνό-

46 2271 123 2325 ματι
146 2251 251 2336 λαβεῖν
271 2249 467 2333 ἀξιώσαντα,
491 2256 545 2320 καί
564 2261 682 2321 τοῦτον
697 2250 774 2336 ύμῖν
792 2252 954 2340 ἀπέφηνε,
978 2251 1106 2320 καὶτὸν

41 2347 98 2436 τήν
115 2357 231 2440 μερίδα
251 2354 309 2444 τήν
337 2355 372 2435 ἐξ
390 2354 519 2439 Ἀρείου
543 2355 652 2442 πάγου
675 2356 884 2439 τολμήσαντα
907 2352 1106 2423 ἀποδόσθαι

37 2452 126 2536 παρὰ
153 2457 194 2524 τά
221 2457 345 2541 νόμιμα
374 2455 431 2522 τὸν
462 2457 561 2525 αὐτὸν
591 2459 717 2542 τρόπον
747 2458 940 2544 ζημιώσασα
963 2456 1104 2543 ἐξέβαλε.

35 2554 169 2638 τούτους
197 2557 292 2642 ὑμεῖς
320 2566 486 2642 κρίναντες
515 2559 663 2649 ἀφήκατε
689 2555 726 2626 ού
749 2569 808 2646 τῆς
831 2560 867 2638 ἐξ
883 2559 1014 2641 Ἀρείου
1037 2557 1103 2622 πά-
1115 2569 1155 2630 57

36 2679 90 2737 7ου
105 2666 226 2753 βουλής
240 2653 537 2745 καταγινώσκοντες
552 2662 751 2742 ψεύδεσθαι,
776 2660 860 2728 ἀλλὰ
876 2663 915 2745 τῇ
932 2658 1103 2746 συγγνώμη

36 2760 156 2836 μᾶλλον
178 2759 201 2854 ἢ
221 2771 270 2851 τηῖ
289 2765 405 2850 δικαίῳ
422 2767 660 2846 προσθέμενοι,
684 2761 738 2828 καὶ
753 2763 812 2848 τήν
827 2766 988 2844 τιμωρίαν
1003 2758 1105 2845 μείζω

37 2866 218 2945 νομίζοντες
234 2860 319 2932 εἶναι
334 2867 392 2952 τῆς
407 2861 475 2930 ἀπὸ
490 2867 555 2932 τών
569 2872 768 2948 κρινομένων
778 2867 987 2949 γεγενημένης
999 2859 1106 2947 ἀμαρ-

36 2967 111 3041 ῐίας.
148 2954 169 3051 ή
194 2992 261 3034 που
284 2965 349 3049 ἀρα
366 2963 386 3055 ή
402 2965 514 3053 βουλή,
536 2965 761 3053 Δημόσθενες,
785 2964 827 3032 τὰ
848 2965 955 3052 ψευδή
971 2962 1105 3053 ἀπέφη-

37 3086 101 3147 w,-
132 3065 171 3135 οὗ
196 3068 314 3155 δήπου.
353 3065 490 3147 τούτους
512 3067 633 3152 μέντοι,
659 3057 684 3134 ώ
708 3066 833 3153 ἀνδρες,
857 3065 912 3134 καί
933 3067 1104 3146 τοιούτους

37 3161 162 3250 ἑτέρους
180 3169 305 3237 ἀδικεῖν
321 3164 405 3253 παρ’
421 3171 538 3257 ἑαυτής
553 3169 774 3258 ἀποφηνάσης
790 3178 848 3258 τῆς
868 3170 990 3257 βουλής
1011 3165 1103 3252 ὑμεῖς

96 3337 142 3404 54,
163 3343 179 3392 3
197 3337 302 3410 λύγων,·
326 3339 450 3392 Gebauer.
468 3367 502 3379 -
520 3345 535 3395 6
552 3335 628 3410 ἀποφ
649 3337 656 3356 ’
675 3358 738 3393 ασιν
756 3341 785 3392 N.
804 3369 839 3380 -
857 3344 870 3392 ῖ
889 3331 940 3392 ἀπ’
959 3341 997 3392 έν.
1015 3341 1038 3392 Α
1055 3355 1103 3406 με,

37 3414 93 3455 corr.
111 3408 146 3458 A¹
165 3415 193 3462 et
210 3409 253 3459 A2.
271 3437 304 3445 -
327 3407 372 3472 55,
391 3408 406 3458 2
424 3409 468 3459 καί
486 3405 651 3478 (ἀποφαίνει
685 3405 720 3460 τὰ
733 3407 814 3461 Blass.
831 3437 865 3448 -
884 3409 898 3458 3
916 3402 1019 3459 αύτοῖεε
1038 3422 1102 3459 corr.

37 3464 138 3528 Bekker.
158 3505 193 3513 —
211 3479 227 3528 4
244 3469 258 3528 ἰ
277 3474 395 3546 γίσθητε
412 3476 433 3525 A
452 3490 498 3541 pr„
517 3493 580 3531 corr.
598 3478 633 3529 A¹
651 3506 684 3516 -
700 3471 797 3547 γνώμη
818 3477 839 3526 A
858 3491 904 3541 pn,
924 3490 988 3527 corr.
1006 3474 1049 3526 A¹.
1068 3503 1102 3514 -

38 3536 51 3585 6
72 3535 222 3613 ἀποφαίνει
244 3495 301 3596 τόδ.
321 3543 403 3607 Wolf,
427 3560 477 3598 om.
502 3550 512 3595 t
535 3574 569 3584 -
590 3541 749 3626 ήδ.κηιώτοι
770 3529 792 3597 λλ
811 3561 862 3612 με,
883 3558 947 3595 corr.
965 3543 1008 3596 N¹.
1031 3571 1064 3582 ·-
1086 3546 1100 3595 7

51 3607 133 3681 κατὰ)
157 3607 193 3664 τὰ
216 3631 246 3666 τι.
264 3611 363 3663 Dobree
382 3617 405 3674 t,
432 3604 595 3680 (ἀποφαίνει
613 3610 699 3680 κατα)
721 3610 755 3663 τὰ
778 3633 806 3667 π,
830 3610 972 3673 Μεεέτυετ,
1000 3611 1045 3662 sed
1068 3610 1102 3663 cf.

37 3601 272 3742 Abuc.vl,12,2.
298 3709 330 3718 -
354 3673 596 3746 9προσδίξ.σθαι
617 3680 639 3733 A
657 3696 711 3762 με.ζ
733 3697 796 3735 corr.
814 3679 856 3731 A¹.
884 3705 919 3716 -
947 3678 1025 3744 56‚1
1051 3699 1102 3730 ..ν

39 3733 57 3788 N
74 3757 118 3811 pn,
139 3745 190 3800 τὸν
212 3748 246 3800 N¹
264 3777 299 3788 -
317 3743 422 3799 σύτώνι
446 3762 509 3799 corr.
526 3747 627 3802 Bekker
645 3777 679 3788 —-
696 3745 905 3816 αποστερήσιισα
922 3745 945 3797 A
963 3761 1014 3811 pn,
1037 3762 1101 3800 corr.

38 3805 75 3882 ,Αἱ
93 3842 126 3853 -
145 3818 160 3869 ε
178 3813 402 3885 πεπιεριχμιιι
419 3815 464 3866 NA
479 3830 524 3880 pr„
542 3833 607 3870 corr.
623 3817 666 3869 ει.
684 3845 718 3856 -
735 3817 777 3880 ετ,
796 3821 811 3870 ε
828 3809 980 3882 amam·
999 3813 1103 3867 ειεειι

40 3886 62 3925 ¹¹1
77 3878 140 3935 Add.
159 3913 191 3922 -
210 3889 224 3937 7
245 3878 313 3955 παρ’
333 3883 437 3934 §aurove
453 3881 536 3949 Blass,
554 3884 587 3938 cf.
606 3886 676 3952 §55.

83 3972 200 4010 munem
213 3978 252 4010 οι.
882 3969 898 4019 2
