2668 4558
239 185 279 248 28
688 192 869 246 ΔΕΙΝΑΡΧΟΥ

239 361 301 445 γὰρ
325 353 419 443 οἶμαι
441 359 479 424 τὸ
501 361 562 442 μέν
588 358 622 426 ἐν
652 362 699 446 τηῖ
727 363 827 446 κοινῷ
853 358 1030 446 φυλάττειν
1058 361 1151 446 παρὰ
1174 361 1316 429 πάντων

240 457 502 546 ὁμολογούμενον
525 456 610 529 εἶναι
633 463 776 543 δίκαιον,
806 462 845 529 τό
869 465 904 532 δέ
925 462 1063 543 τούτους
1086 465 1169 547 ἔχειν
1193 465 1316 552 μηδέν’

241 558 281 632 ἀν
304 565 410 632 εἰπεῖν
433 562 478 641 ὡς
500 563 572 632 ἔστι
593 565 700 643 καλῶς
723 567 804 648 ἐ’χον.

191 669 228 733 91
264 676 269 688 “
326 665 479 744 Πολλούς
502 653 597 744 οὗτος
620 667 687 751 έρεῖ
708 666 763 734 καὶ
785 665 1022 747 παντοδαπούς
1043 667 1178 753 λόγους,
1205 655 1233 734 τό
1257 667 1316 735 ἀν-

241 769 324 852 δρες,
353 769 407 835 καὶ
439 766 637 837 οὐδέποτε
664 769 741 846 τοὺς
772 767 899 847 αὐτούς.
956 765 1019 856 δρᾷ
1046 769 1107 856 γάρ
1137 766 1226 852 ἀμᾶς
1256 770 1315 838 τὸν

242 869 375 937 ἅπαντα
402 871 519 954 χρόνον
545 870 658 937 έλπίσι
680 880 788 948 κεναῖς
815 872 868 937 καί
892 870 1033 955 ψευδέσι
1055 872 1165 957 λόγοις
1189 873 1316 960 ἐξηπα-

241 979 400 1061 τημένους
429 969 492 1059 ἀφ’
525 972 642 1040 ἑαυτοῦ
649 1022 657 1055 ,
694 972 750 1039 καλ
781 977 875 1057 μέχρι
903 973 1021 1040 τούτου
1048 975 1315 1061 μνημονεύοντας

242 1075 301 1156 τάς
323 1074 518 1160 ὑποσχέσεις
546 1076 660 1159 μέχρις
682 1071 722 1142 ἀν
745 1075 905 1162 ῥηθῶσιν.
951 1075 980 1143 εἰ
1007 1077 1065 1158 μέν
1095 1065 1152 1143 οὗν
1183 1080 1234 1145 ἔτι
1264 1079 1314 1146 δεῖ

242 1179 300 1268 τὴν
322 1179 422 1245 πόλιν
444 1180 502 1264 τῆς
523 1182 763 1263 Δημοσθένους
789 1184 949 1263 πονηρίας
977 1178 1032 1245 καὶ
1061 1177 1196 1262 ἀτυχίας
1227 1178 1312 1248 ἀπο-

244 1281 369 1360 λαύειν,
400 1281 455 1347 ἵνα
484 1281 589 1346 πλείω
618 1281 906 1360 κακοδαιμονῶμεν
929 1317 969 1330 -
993 1278 1087 1349 ούδδ
1108 1282 1170 1370 γὰρ
1195 1285 1259 1366 όχω
1282 1281 1314 1350 τό

192 1392 233 1454 92
244 1382 324 1451 ἀλλο
348 1383 434 1450 ε’ίπω
457 1419 512 1461 -,
544 1385 712 1464 στερκτέον
734 1373 810 1467 (ἀν)
832 1382 881 1469 εἴη
904 1387 974 1460 τοῖς
998 1391 1255 1467 συμβαίνουσιν·
1287 1385 1314 1452 εἰ

244 1482 277 1553 δ’
309 1489 357 1552 ἔτι
387 1483 558 1569 κηδόμεθα
588 1487 646 1572 τῆς
673 1486 835 1567 πατρίδος
867 1489 923 1552 καί
950 1482 1029 1564 τούς
1057 1484 1223 1571 πονηρούς
1260 1492 1314 1554 καὶ

244 1587 448 1673 δωροδόκους
470 1589 630 1668 μισοῦμεν
659 1589 712 1652 καὶ
741 1583 1027 1669 μετοιωόίσασθαι
1052 1587 1109 1676 τὴν
1131 1587 1229 1675 τύχην
1260 1589 1314 1656 καὶ

243 1690 516 1774 μεταλλάξασθαι
553 1688 764 1772 βουλόμεθα,
807 1684 844 1756 οὗ
884 1696 1073 1773 προετέον
1108 1691 1197 1758 ἐστὶν
1228 1687 1313 1774 ὑμᾶς

192 1805 235 1856 102
245 1790 375 1872 αύτούς,
399 1781 425 1858 ὦ
443 1790 632 1877 Ἀθηναῖοι,
659 1801 732 1869 ταῖς
748 1799 807 1859 τοῦ
825 1793 831 1878 Ι
850 1794 971 1874 μιαροῦ
991 1795 1045 1858 καί
1060 1791 1178 1878 γόητος
1192 1792 1313 1860 τούτου

246 1892 405 1982 δεήσεσιν,
436 1889 512 1960 οὐδὲ
534 1895 755 1978 προσδεκτέον
777 1893 853 1971 τοὺς
876 1893 1005 1972 σ’ίκτους
1034 1898 1088 1960 καὶ
1111 1894 1188 1972 τοὺς
1211 1920 1313 1981 φενα-

244 1995 380 2080 κισμοδς
401 1996 536 2062 τούτου·
571 1995 681 2082 ἱκανὴν
710 1997 772 2081 γὰρ
803 1996 960 2083 εἰλήφατε
985 2001 1104 2081 πεῖραν
1128 1995 1227 2063 αὐτοῦ
1260 2001 1313 2064 καί

193 2101 234 2164 93
243 2104 308 2166 τῶν
331 2098 436 2183 λόγων
459 2101 512 2164 καὶ
535 2101 601 2165 τῶν
617 2099 717 2180 ἔργων
739 2100 792 2163 καὶ
815 2106 874 2185 τῆς
895 2098 1000 2186 τύχης.
1037 2107 1088 2177 τίς
1103 2095 1208 2177 οότως
1223 2099 1315 2168 adez-

243 2227 303 2278 πις
324 2198 415 2280 ὑμῶν
439 2199 543 2274 ἐστιν,
572 2191 813 2284 ιδἈθηναῖσι,
842 2197 894 2278 τίς
916 2198 1021 2278 οὕτως
1043 2200 1233 2284 ἀλόγιστος,
1264 2198 1328 2278 τίς

242 2299 364 2388 <οότω>
391 2303 455 2366 τῶν
484 2306 770 2386 προγεγενημένων
798 2303 852 2365 καὶ
882 2309 938 2366 νῦν
966 2302 1182 2386 ἐνεστηκότων
1206 2328 1318 2388 πραγ-

242 2404 356 2487 μάτων
379 2401 527 2486 ἀπειρος,
552 2399 671 2480 ὅστις
694 2400 820 2481 ἐλπίζει
842 2402 899 2467 τὸν
921 2403 955 2468 ἐκ
976 2401 1136 2488 τοσαύτης
1159 2401 1313 2484 εὐδαιμο-

243 2513 316 2584 νίας
346 2506 392 2584 εἰς
420 2503 582 2591 τοσαύτην
606 2501 741 2582 ἀδοξίαν
772 2503 1021 2590 καταστήσαντα
1049 2505 1108 2590 τὴν
1136 2503 1235 2570 πόλιν
1266 2501 1311 2574 δι’

244 2604 484 2698 ἡντιναδήποτε
512 2607 621 2674 αἰτίαν
649 2599 671 2695 ἢ
700 2607 799 2693 τύχην
827 2645 868 2656 -
896 2607 939 2674 έῶ
966 2607 1028 2692 γὰρ
1063 2609 1160 2673 τοῦτο
1183 2643 1225 2654 -
1247 2614 1313 2684 νῦν,

246 2712 363 2797 ἐπειδὴ
386 2711 471 2796 πρὸς
493 2721 566 2788 ταῖς
589 2707 705 2788 ἀλλοις
732 2708 891 2791 ἀπορίαις
919 2713 973 2776 καὶ
1001 2723 1073 2788 τοῖς
1102 2711 1312 2796 περιεστηκό-

246 2838 298 2880 σιν
321 2811 407 2902 ἡμᾶς
429 2813 590 2891 κινδύνοις
618 2813 674 2880 καὶ
701 2810 719 2899 ἡ
750 2817 816 2880 τῶν
839 2813 876 2892 ἐξ
896 2811 996 2900 αὐτῆς
1017 2815 1076 2897 τῆς
1097 2813 1227 2890 πόλεως
1249 2817 1308 2879 δω-

245 2913 380 2999 ροδοκία
404 2920 611 3000 προσγέγονε,
635 2917 689 2981 καὶ
714 2918 790 2999 περί
810 2914 945 2997 αἰσχρᾶς
961 2913 1068 2991 αἰτίας
1083 2918 1176 3003 κοινῇ
1192 2912 1308 2990 πάντες

245 3015 478 3102 ἀγωνιζόμεθα
500 3019 553 3082 καὶ
577 3019 656 3101 περὶ
678 3025 736 3084 τοῦ
758 3018 802 3106 μὴ
826 3019 932 3082 δοκεῖν
954 3017 996 3082 τά
1020 3016 1089 3104 ἰδίᾳ
1112 3016 1204 3100 παρά
1226 3041 1308 3084 τισιν

247 3117 325 3187 όντα
347 3118 495 3208 χρήματα
516 3122 610 3208 κοινῇ
632 3121 689 3187 τὸν
713 3122 815 3207 δῆμον
839 3120 941 3201 ἔχειν,
972 3125 1148 3204 τηνικαῦτα
1170 3127 1309 3202 συμβου·

315 3395 331 3445 6
351 3387 418 3458 μηδ’
438 3393 488 3444 θνα
510 3392 540 3444 Ν.
564 3421 598 3431 -
616 3391 692 3456 91,2
715 3385 906 3444 addendum:
929 3407 993 3444 corr.
1013 3389 1109 3443 Wurm.
1131 3419 1164 3430 -·
1188 3393 1203 3444 3
1222 3389 1306 3445 πάντα

245 3460 268 3512 Ν
286 3489 319 3500 --
337 3457 451 3546 γεύδεσι
469 3461 499 3512 Ν.
523 3489 556 3498 -
580 3463 596 3512 4
613 3457 711 3512 τούτου
728 3463 773 3510 καὶ
789 3479 872 3526 μνημ.
890 3460 921 3511 Ν.
943 3489 977 3498 -
998 3463 1013 3512 ’ί
1032 3455 1116 3511 πλέον
1134 3461 1167 3511 At
1185 3489 1215 3496 —
1234 3455 1264 3510 οδ
1280 3456 1306 3509 N.

245 3559 278 3568 -
297 3533 312 3582 8
332 3550 368 3582 αν
385 3529 441 3580 add.
461 3527 569 3591 Bekker,
588 3543 637 3581 om.
656 3533 674 3590 t,
692 3525 733 3593 εἴη
751 3527 802 3579 del.
821 3527 913 3592 Baiter,
933 3529 1079 3597 στερκτέον
1097 3528 1143 3579 ἐπὶ
1159 3529 1214 3578 τοῖτ
1231 3528 1305 3578 Blass.
1327 3529 1328 3565 ί

245 3627 278 3636 -·
302 3597 348 3663 92,
366 3601 382 3650 2
404 3593 479 3648 δέτι
497 3596 589 3648 Baiter.
608 3625 641 3635 -
659 3598 674 3649 3
692 3593 745 3661 τὴν
762 3597 788 3648 in
806 3611 893 3648 rasura
912 3595 946 3647 N¹
963 3625 996 3633 —
1014 3599 1031 3648 4
1048 3597 1224 3665 προσεκτέονε
1248 3609 1305 3646 corr.
1327 3599 1328 3632 ί

245 3664 324 3718 Wolf.
343 3695 376 3704 -
394 3662 523 3732 6,(τοόε)
539 3659 636 3714 τούτου
654 3662 726 3716 Tura.
753 3693 783 3702 -
809 3665 901 3718 8το3ν
917 3665 1008 3734 έργων
1025 3667 1071 3714 καί
1088 3663 1147 3715 τῶν
1164 3659 1252 3733 λόγων
1268 3663 1305 3713 λλ.
1327 3667 1328 3698 ί

245 3763 278 3770 -
297 3733 342 3795 93,
362 3736 376 3786 2
394 3729 470 3784 οὗτοι
487 3733 508 3782 Α
528 3747 577 3798 pa,
600 3746 664 3785 corr.
682 3733 724 3784 Αῑ.
743 3761 775 3770 -
794 3733 809 3784 3
828 3725 900 3782 οὕτω
919 3731 976 3784 add.
994 3731 1132 3795 Μεεειυεῐ,
1151 3747 1199 3784 om.
1217 3737 1235 3796 t,
1252 3733 1305 3782 ante
1325 3747 1328 3756 ¹

245 3797 354 3871 ἄπειροι
372 3800 503 3852 addiderat
521 3798 593 3850 wdr
616 3828 647 3837 —
673 3800 731 3852 ίοιί.
750 3803 796 3852 καὶ
812 3799 904 3868 (τῶν)
922 3801 980 3852 νῦν.
1004 3829 1038 3838 -
1061 3801 1078 3851 4
1099 3802 1153 3850 τίει
1175 3814 1236 3851 corr.
1253 3795 1304 3849 ald.
1327 3809 1328 3832 ι

245 3897 278 3906 -
303 3869 485 3922 θειότατόν
508 3895 541 3908 -
564 3862 671 3920 έπιιδδι
696 3884 759 3923 corr.
778 3868 902 3921 Gebauer.
924 3897 957 3908 -
980 3870 994 3921 8
1019 3860 1088 3935 ύμᾶτ
1104 3870 1135 3922 A.
1152 3896 1186 3905 -
1204 3870 1234 3919 10
1253 3861 1305 3917 ἴδια
1327 3869 1328 3930 1

246 3936 291 3988 ΝΑ
310 3953 361 4005 pr.:
380 3952 442 3990 corr.
460 3935 504 3988 A2.
539 3999 540 4004 χ
1325 3935 1328 3970 ²
