2668 4558
449 134 533 187 ms
553 132 772 186 ΦΙΛΟΚΛΕΟΥΣ.
1109 130 1149 187 49

69 305 236 391 μηδεμίαν
265 293 321 369 οδν
346 302 474 388 δέησιν,
503 294 743 389 ῶἈθηναῖοι,
773 296 852 390 μηδ’
877 302 969 370 έλεον
996 301 1043 380 εἰς
1065 298 1149 386 ὑμᾶς
1159 307 1201 368 20

75 405 323 491 [λαμβάνοντες]
352 401 472 484 αὐτοὺς
500 432 517 468 κ
542 457 549 482 ,
582 406 683 491 μηδὲ
714 405 772 494 τὴν
804 405 838 484 ἒξ
867 403 975 472 αὐτῶν
1003 406 1069 470 τῶν
1096 404 1148 485 έρ-

69 533 141 594 γων
163 509 217 573 καλ
239 513 297 596 τῆς
320 502 481 592 ἀληθείας
503 501 782 594 ἀποδεδειγμένην
806 502 882 590 άμίν
903 504 987 572 κατὰ
1001 507 1066 571 τῶν
1082 529 1150 589 κρι-

70 607 222 692 νομένων
254 601 384 674 άδικίαν
406 605 525 690 άκορον
548 605 758 696 ποιήσαντες,
780 607 974 696 βοηθήσατε
993 614 1085 694 κοινῇ
1108 610 1149 695 τῇ

71 712 216 794 πατρίδι
238 706 386 788 καὶτοῖς
407 709 537 794 νόμοις·
560 713 664 776 ταῦτα
690 712 695 795 Ι
720 711 781 794 γάρ
805 708 978 796 ἀμφότερα
1001 709 1148 776 διαδικά·
1160 722 1201 774 111

72 814 166 894 ζεται
193 816 250 878 νῦν
278 813 366 896 πρὸς
393 810 452 901 τὴν
479 811 598 879 τούτου
626 820 798 897 πονηρίαν.
848 808 931 896 ὑπὲρ
960 811 1086 896 πάσης,
1122 800 1198 878 ῶ21

66 913 264 1000 Ἀθηναῖοι,
287 917 344 1001 τῆς
364 912 472 998 χώρας
495 917 550 981 νῦν
572 915 706 995 μέλλετε
728 913 840 1000 φέρειν
861 911 920 1002 τη“ν
942 916 1069 1002 ψῆφον,
1095 915 1150 979 καί

70 1025 139 1082 τῶν
170 1016 203 1082 ἓν
232 1012 332 1102 ταάτη
361 1021 692 1100 κατεσκευασμένων
719 1015 815 1097 ἱερῶν
840 1014 896 1081 καὶ
917 1023 983 1081 τῶν
1006 1013 1150 1098 άρχαίων

70 1124 224 1202 νομίμων
246 1120 300 1183 καί
322 1124 380 1202 τῆς
403 1118 674 1206 παραδεδομένης
692 1115 761 1184 άπὸ
776 1120 841 1183 τῶν
856 1116 1029 1203 προγόνων
1052 1112 1149 1199 ὑμῖν

70 1222 264 1299 πολιτείας,
295 1213 352 1301 οὔχ
381 1214 465 1303 ὑπὲρ
490 1220 692 1299 Φιλοκλέους
713 1219 837 1303 μόνον·
873 1212 970 1298 οὗτος
998 1219 1058 1302 μὲν
1087 1218 1149 1302 γάρ

71 1318 176 1389 αὑτοῦ
204 1321 311 1388 πάλαι
340 1320 489 1388 θάνατον
512 1329 701 1406 κατέγνωκε.
748 1318 853 1388 ταῦθ’
885 1317 969 1405 ὑμᾶς
999 1319 1148 1388 ἱκετεύων

71 1423 137 1510 έγῶ
160 1425 365 1507 δικαιοτέραν
387 1424 474 1490 πολὺ
498 1425 609 1510 δέησιν
625 1427 743 1506 δέομαι
758 1425 884 1492 τούτων
899 1426 964 1490 τῶν
986 1431 1149 1490 τοιαῦτα

71 1524 305 1611 πεπραχότων,
328 1525 373 1614 μὴ
400 1525 630 1611 ἐγκαταλιπεῖν
653 1523 737 1611 ὑπὲρ
759 1520 806 1593 ῶν
830 1527 863 1594 οἱ
885 1526 1046 1610 πρόγονοι
1064 1524 1149 1590 πολ-

72 1627 151 1707 λοδς
173 1625 352 1710 ὑπέμειναν
374 1627 553 1708 κινδύνους,
577 1623 658 1714 μηδ’
681 1628 727 1706 εἰς
750 1623 885 1707 ἀδοξίαν
908 1627 1046 1711 αἰσχράν
1069 1621 1149 1710 άγα·

72 1736 142 1817 γεῖν
170 1729 209 1796 τὸ
237 1732 297 1817 τῆς
325 1729 459 1809 πόλεως
489 1727 635 1814 άξίωμα,
668 1729 754 1816 μηδὲ
785 1729 1058 1809 καταλλάξασθαι
1090 1730 1148 1818 τὴν
1262 1722 1265 1728 ’

73 1834 160 1917 πρὸς
180 1832 317 1909 τούτους
339 1832 433 1916 χάριν
455 1835 520 1898 τῶν
543 1833 653 1915 νόμων
680 1831 736 1899 καὶ
763 1839 828 1898 τῶν
854 1838 913 1898 τοῦ
937 1831 1041 1917 δήμου
1064 1829 1149 1916 (ψη-

74 1934 268 2023 φισμάτων)
289 1933 343 2000 καὶ
366 1937 432 2000 τῶν
454 1937 511 2020 τῆς
532 1936 654 2025 βουλῆς
675 1929 891 2020 ἀποφάσεων.
928 1933 1070 2018 ἀκριβῶς
1086 1933 1148 2018 γάρ
1158 1938 1199 1998 22

74 2039 162 2117 ἰ’στε,
193 2025 434 2121 ῶἈθηναῒοι,
465 2033 624 2122 άκριβῶς,
656 2032 708 2103 ὅτι
729 2031 825 2118 ὑμεῖς
846 2035 906 2118 μέν
928 2034 1021 2117 παρὰ
1043 2037 1148 2101 πᾶσιν

81 2137 274 2220 άνδράποις
302 2137 504 2205 έπαινεῖσθε
524 2149 599 2216 ταῖς
621 2143 848 2225 γεγενημέναις
871 2133 1041 2224 ζητήσεσιν
1063 2131 1147 2220 δπέρ

81 2238 204 2306 τοάτων
222 2243 286 2307 τῶν
306 2240 490 2326 χρημάτων,
514 2241 548 2308 οἱ
571 2238 604 2307 δ’
626 2241 868 2328 ἐξεληλεγμένοι
889 2240 972 2306 κατὰ
992 2241 1051 2329 τῆς
1074 2239 1148 2306 ἑαυ-

76 2344 141 2406 τῶν
162 2343 321 2425 πατρίδος
345 2343 435 2425 δῶρα
458 2342 629 2430 εἰληφότες
653 2346 792 2430 πονηροὶ
815 2345 869 2410 καί
894 2340 1004 2410 άδικοι
1025 2345 1078 2408 καὶ
1094 2367 1148 2424 μι-

75 2441 217 2530 σάδημοι
231 2445 420 2528 νομίζονται
436 2443 530 2526 εἶναι,
548 2447 658 2532 φιλεῖν
674 2441 761 2529 ὑμᾶς
777 2445 960 2532 φάσκοντες
974 2447 1027 2511 καὶ
1044 2444 1148 2525 πράτ-

1 2584 2 2635 η
71 2570 143 2613 τειν
165 2545 249 2629 ὑπὲρ
271 2549 337 2612 τῶν
359 2549 419 2635 τῆς
442 2547 572 2625 πόλεως
595 2545 744 2634 άγαδῶν,
767 2550 820 2614 καί
844 2545 891 2613 δι’
912 2544 998 2628 ὑμᾶς
1019 2546 1148 2624 ἔνδοξοι

3 2669 5 2760 η
73 2655 287 2735 γεγενημένοι.

142 2853 189 2918 20,
207 2857 223 2907 2
241 2847 430 2922 λαμβάνονται
446 2854 548 2920 seclusi,
566 2857 626 2920 post
645 2849 742 2905 αὖτοὺς
759 2852 884 2905 excidisse
903 2851 1045 2917 putaverim
1063 2868 1146 2921 προσ-

75 2925 166 2989 ίμευοι
178 2923 220 2974 vel
233 2923 289 2975 sim.
302 2922 376 2990 quid3
395 2921 498 2988 Sauppe
511 2922 596 2976 locum
614 2923 651 2974 sie
669 2921 816 2974 constituit:
834 2915 969 2987 μηδεμίαν
986 2909 1036 2972 οὖν
1054 2915 1147 2983 δέησιν

140 2985 206 3056 μηδ’
228 2987 304 3042 ἔλεον
322 2985 512 3060 (δεξάμενοι),
536 2985 606 3057 μηδὲ
628 2986 679 3055 τὴν
762 2983 872 3040 άδικίαν
895 2987 932 3039 εἰς
954 2983 1021 3054 ὑμᾶς
1044 2984 1147 3055 λαμβά-

74 3073 170 3110 νοντες
187 3053 381 3125 (ἆναλαβόυτιτ
398 3057 494 3125 ΒΙεεε),
517 3054 602 3126 <μηδί
622 3054 674 3123 τὴν
695 3058 742 3124 τῆς
758 3054 855 3124 βουλῆς
871 3052 928 3109 ἀπά
951 3054 1030 3126 ιισιν)
1048 3053 1147 3123 ἄκυρον

75 3123 241 3190 ποιήσαντες
263 3123 320 3178 κτλ
343 3155 376 3164 -
401 3131 416 3180 5
440 3130 525 3196 πατρί
547 3126 638 3193 Aps,
667 3141 731 3179 corr.
755 3125 791 3176 A¹
814 3154 846 3164 -
871 3074 1042 3188 διαῶκάζετε
1059 3123 1082 3175 Ν
1100 3139 1146 3189 pr„

76 3209 141 3246 corr.
160 3193 202 3246 N².
219 3222 254 3232 -
272 3196 288 3246 6
305 3189 414 3246 τούτων
432 3195 514 3260 Apn,
533 3209 596 3247 corr.
614 3193 658 3248 Αἱ.
676 3223 709 3233 -
726 3192 769 3257 21,
787 3195 802 3245 3
821 3194 1083 3258 κατασκευασμένων
1100 3192 1146 3243 ΝΑ

75 3278 129 3328 pn,
153 3277 216 3314 corr.
235 3261 277 3315 ΑΞ.
295 3290 329 3299 -
347 3265 364 3314 4
381 3255 449 3331 ὑπὲρ
472 3262 494 3313 Α
514 3278 564 3329 pn,
587 3255 641 3315 ὑπὸ
660 3261 695 3312 A¹
712 3290 746 3300 —
763 3257 854 3328 ὖμῶνι
878 3276 941 3313 corr.
958 3259 1061 3311 Reiske.
1080 3287 1111 3297 -
1131 3264 1146 3312 5

75 3331 128 3396 μὲν
146 3344 195 3381 om.
213 3333 253 3381 st.
274 3358 307 3369 -
327 3334 341 3382 ’ί
359 3329 446 3380 ταῦτα
464 3330 535 3382 ANt:
554 3346 618 3382 ιοιι.
630 3329 713 3382 Βίιιεε.
731 3358 765 3367 -
785 3332 815 3383 10
834 3323 1008 3381 ἀντικαταίλ,
1021 3326 1147 3393 Ηίιεείιίς.

75 3427 109 3436 -
130 3401 159 3450 11
179 3413 250 3467 φηφ.
269 3396 327 3450 εδδ.
346 3395 488 3460 Μιείτοαι,
514 3413 564 3452 om.
583 3404 600 3450 ί.
619 3427 652 3437 -
670 3397 716 3460 22,
736 3400 751 3451 3
769 3395 946 3448 ἐπαινεῖσθαι
963 3394 985 3446 Α
1003 3410 1040 3461 pr.
1059 3395 1081 3446 N
1100 3410 1146 3462 pr„

77 3481 140 3517 corr.
151 3465 209 3517 A¹N
214 3467 223 3498 ¹
235 3495 271 3506 -
283 3465 306 3519 N
320 3465 428 3518 subicit:
444 3463 514 3517 κατὰ
528 3463 688 3535 φιίοκλίουι.
701 3465 774 3518 Τυιι.
789 3465 879 3517 deesse
893 3462 1018 3531 quaedem
1032 3468 1146 3516 censent.
