<?xml version="1.0" encoding="UTF-8"?>
<!DOCTYPE html PUBLIC "-//W3C//DTD XHTML 1.0 Transitional//EN"
    "http://www.w3.org/TR/xhtml1/DTD/xhtml1-transitional.dtd">
<html xmlns="http://www.w3.org/1999/xhtml" xml:lang="en" lang="en">
 <head>
  <title>
</title>
<meta http-equiv="Content-Type" content="text/html;charset=utf-8" />
  <meta name='ocr-system' content='tesseract 3.04.00' />
  <meta name='ocr-capabilities' content='ocr_page ocr_carea ocr_par ocr_line ocrx_word'/>
</head>
<body>
  <div class='ocr_page' id='page_1' title='image "./dinarchioration02dinagoog_0022.png"; bbox 0 0 2668 4558; ppageno 0'>
   <div class='ocr_carea' id='block_1_1' title="bbox 409 191 1121 252">
    <p class='ocr_par' dir='ltr' id='par_1_1' title="bbox 409 191 1121 252">
     <span class='ocr_line' id='line_1_1' title="bbox 409 191 1121 252; baseline 0.008 -6"><span class='ocrx_word' id='word_1_1' title='bbox 409 193 493 246; x_wconf 71' lang='lat' dir='ltr'><strong><em>RATA</em></strong></span> <span class='ocrx_word' id='word_1_2' title='bbox 509 191 761 246; x_wconf 81' lang='grc' dir='ltr'><strong><em>ΔΙΙΙΙΙΟΣΘΕΝΟΥΙΙ.</em></strong></span> <span class='ocrx_word' id='word_1_3' title='bbox 1082 193 1121 252; x_wconf 87' lang='grc'><strong><em>11</em></strong></span> 
     </span>
    </p>
   </div>
   <div class='ocr_carea' id='block_1_2' title="bbox 3 359 1232 3004">
    <p class='ocr_par' dir='ltr' id='par_1_2' title="bbox 3 359 1232 3004">
     <span class='ocr_line' id='line_1_2' title="bbox 45 359 1123 449; baseline -0.002 -17"><span class='ocrx_word' id='word_1_4' title='bbox 45 375 126 449; x_wconf 85' lang='grc' dir='ltr'><strong><em>ρεῖτο</em></strong></span> <span class='ocrx_word' id='word_1_5' title='bbox 151 363 220 442; x_wconf 83' lang='grc' dir='ltr'><strong><em>τὰς</em></strong></span> <span class='ocrx_word' id='word_1_6' title='bbox 244 359 329 446; x_wconf 75' lang='grc' dir='ltr'><strong><em>ὑπὲρ</em></strong></span> <span class='ocrx_word' id='word_1_7' title='bbox 352 363 412 427; x_wconf 82' lang='grc' dir='ltr'><strong><em>τοῦ</em></strong></span> <span class='ocrx_word' id='word_1_8' title='bbox 436 361 540 448; x_wconf 83' lang='grc' dir='ltr'><strong><em>δήμου</em></strong></span> <span class='ocrx_word' id='word_1_9' title='bbox 564 361 718 444; x_wconf 84' lang='grc' dir='ltr'><strong><em>πράξεις·</em></strong></span> <span class='ocrx_word' id='word_1_10' title='bbox 741 361 806 448; x_wconf 75' lang='grc' dir='ltr'><strong><em>ἔφη</em></strong></span> <span class='ocrx_word' id='word_1_11' title='bbox 821 360 927 448; x_wconf 81' lang='grc' dir='ltr'><strong><em>τούτῳ</em></strong></span> <span class='ocrx_word' id='word_1_12' title='bbox 942 366 1123 448; x_wconf 72' lang='grc' dir='ltr'><strong><em>Δημοσθέ-</em></strong></span> 
     </span>
     <span class='ocr_line' id='line_1_3' title="bbox 44 457 1122 553; baseline 0 -20"><span class='ocrx_word' id='word_1_13' title='bbox 44 493 94 551; x_wconf 90' lang='grc' dir='ltr'><strong><em>νης</em></strong></span> <span class='ocrx_word' id='word_1_14' title='bbox 115 469 228 553; x_wconf 80' lang='grc' dir='ltr'><em>φίλος</em></span> <span class='ocrx_word' id='word_1_15' title='bbox 252 459 357 532; x_wconf 80' lang='grc' dir='ltr'><strong><em>εἶναι·</em></strong></span> <span class='ocrx_word' id='word_1_16' title='bbox 386 462 476 552; x_wconf 79' lang='grc' dir='ltr'><strong><em>(καὶ)</em></strong></span> <span class='ocrx_word' id='word_1_17' title='bbox 498 457 595 542; x_wconf 80' lang='grc' dir='ltr'><strong><em>οὗτος</em></strong></span> <span class='ocrx_word' id='word_1_18' title='bbox 617 458 780 530; x_wconf 77' lang='grc' dir='ltr'><strong><em>ἀπώλετο.</em></strong></span> <span class='ocrx_word' id='word_1_19' title='bbox 824 465 878 530; x_wconf 82' lang='grc' dir='ltr'><strong><em>καί</em></strong></span> <span class='ocrx_word' id='word_1_20' title='bbox 901 457 1002 530; x_wconf 82' lang='grc' dir='ltr'><strong><em>ταῦθ’</em></strong></span> <span class='ocrx_word' id='word_1_21' title='bbox 1027 461 1122 548; x_wconf 84' lang='grc' dir='ltr'><strong><em>ύμεῖς</em></strong></span> 
     </span>
     <span class='ocr_line' id='line_1_4' title="bbox 43 557 1121 651; baseline 0 -19"><span class='ocrx_word' id='word_1_22' title='bbox 43 563 187 650; x_wconf 83' lang='grc' dir='ltr'><strong><em>ὁρῶντες</em></strong></span> <span class='ocrx_word' id='word_1_23' title='bbox 211 567 270 634; x_wconf 87' lang='grc' dir='ltr'><strong><em>καὶ</em></strong></span> <span class='ocrx_word' id='word_1_24' title='bbox 291 565 510 649; x_wconf 72' lang='grc' dir='ltr'><strong><em>ἐπιστάμενοι</em></strong></span> <span class='ocrx_word' id='word_1_25' title='bbox 525 563 611 632; x_wconf 81' lang='grc' dir='ltr'><strong><em>πολύ</em></strong></span> <span class='ocrx_word' id='word_1_26' title='bbox 626 566 756 650; x_wconf 79' lang='grc' dir='ltr'><strong><em>βέλτιον</em></strong></span> <span class='ocrx_word' id='word_1_27' title='bbox 770 557 791 651; x_wconf 80' lang='grc' dir='ltr'><em>ἢ</em></span> <span class='ocrx_word' id='word_1_28' title='bbox 807 562 869 650; x_wconf 77' lang='grc' dir='ltr'><strong><em>ἐγώ</em></strong></span> <span class='ocrx_word' id='word_1_29' title='bbox 884 561 922 630; x_wconf 80' lang='grc' dir='ltr'><strong><em>οδ</em></strong></span> <span class='ocrx_word' id='word_1_30' title='bbox 938 565 1121 650; x_wconf 78' lang='grc' dir='ltr'><strong><em>λογίζεσθε,</em></strong></span> 
     </span>
     <span class='ocr_line' id='line_1_5' title="bbox 32 663 1123 754; baseline 0.005 -25"><span class='ocrx_word' id='word_1_31' title='bbox 32 665 70 734; x_wconf 87' lang='grc' dir='ltr'><strong><em>,σύ</em></strong></span> <span class='ocrx_word' id='word_1_32' title='bbox 87 673 292 736; x_wconf 86' lang='grc' dir='ltr'><strong><em>σκοπεῖσθε</em></strong></span> <span class='ocrx_word' id='word_1_33' title='bbox 304 666 390 754; x_wconf 87' lang='grc' dir='ltr'><strong><em>πρός</em></strong></span> <span class='ocrx_word' id='word_1_34' title='bbox 402 663 485 751; x_wconf 84' lang='grc' dir='ltr'><strong><em>ύμᾶς</em></strong></span> <span class='ocrx_word' id='word_1_35' title='bbox 498 663 624 746; x_wconf 87' lang='grc' dir='ltr'><strong><em>αύτούς,</em></strong></span> <span class='ocrx_word' id='word_1_36' title='bbox 639 665 890 751; x_wconf 79' lang='grc' dir='ltr'><strong><em>τεκμαιρόμενοι</em></strong></span> <span class='ocrx_word' id='word_1_37' title='bbox 904 664 946 733; x_wconf 75' lang='grc' dir='ltr'><strong><em>τό</em></strong></span> <span class='ocrx_word' id='word_1_38' title='bbox 960 667 1123 750; x_wconf 82' lang='grc' dir='ltr'><strong><em>μέλλοντα</em></strong></span> 
     </span>
     <span class='ocr_line' id='line_1_6' title="bbox 33 762 1122 860; baseline 0 -22"><span class='ocrx_word' id='word_1_39' title='bbox 33 772 67 838; x_wconf 78' lang='grc' dir='ltr'><strong><em>ἐκ</em></strong></span> <span class='ocrx_word' id='word_1_40' title='bbox 81 773 155 837; x_wconf 83' lang='grc' dir='ltr'><strong><em>τῶν</em></strong></span> <span class='ocrx_word' id='word_1_41' title='bbox 173 769 410 856; x_wconf 81' lang='grc' dir='ltr'><strong><em>γεγενημένων,</em></strong></span> <span class='ocrx_word' id='word_1_42' title='bbox 436 765 489 835; x_wconf 86' lang='grc' dir='ltr'><strong><em>ότι</em></strong></span> <span class='ocrx_word' id='word_1_43' title='bbox 504 762 599 837; x_wconf 78' lang='grc' dir='ltr'><strong><em>οὗδὲν</em></strong></span> <span class='ocrx_word' id='word_1_44' title='bbox 620 762 716 847; x_wconf 80' lang='grc' dir='ltr'><strong><em>οὗτος</em></strong></span> <span class='ocrx_word' id='word_1_45' title='bbox 736 768 895 854; x_wconf 77' lang='grc' dir='ltr'><strong><em>χρήσιμος</em></strong></span> <span class='ocrx_word' id='word_1_46' title='bbox 917 762 1029 860; x_wconf 78' lang='grc' dir='ltr'><strong><em>ἀλλ’ἢ</em></strong></span> <span class='ocrx_word' id='word_1_47' title='bbox 1051 775 1122 850; x_wconf 89' lang='grc' dir='ltr'><strong><em>τοῖς</em></strong></span> 
     </span>
     <span class='ocr_line' id='line_1_7' title="bbox 32 864 1172 960; baseline 0.004 -22"><span class='ocrx_word' id='word_1_48' title='bbox 32 873 180 960; x_wconf 72' lang='grc' dir='ltr'><strong><em>ἐχθροῖς</em></strong></span> <span class='ocrx_word' id='word_1_49' title='bbox 203 871 291 940; x_wconf 85' lang='grc' dir='ltr'><strong><em>κατὰ</em></strong></span> <span class='ocrx_word' id='word_1_50' title='bbox 308 875 366 960; x_wconf 80' lang='grc' dir='ltr'><strong><em>τῆς</em></strong></span> <span class='ocrx_word' id='word_1_51' title='bbox 381 871 512 949; x_wconf 82' lang='grc' dir='ltr'><strong><em>πόλεως</em></strong></span> <span class='ocrx_word' id='word_1_52' title='bbox 519 901 531 954; x_wconf 92' lang='grc'><strong><em>,·</em></strong></span> <span class='ocrx_word' id='word_1_53' title='bbox 553 870 654 958; x_wconf 75' lang='grc' dir='ltr'><strong><em>(πότε</em></strong></span> <span class='ocrx_word' id='word_1_54' title='bbox 675 871 736 955; x_wconf 87' lang='grc' dir='ltr'><strong><em>γὰρ</em></strong></span> <span class='ocrx_word' id='word_1_55' title='bbox 759 864 799 938; x_wconf 76' lang='grc' dir='ltr'><strong><em>ἂν</em></strong></span> <span class='ocrx_word' id='word_1_56' title='bbox 821 871 955 958; x_wconf 74' lang='grc' dir='ltr'><strong><em>οἴεσθε)</em></strong></span> <span class='ocrx_word' id='word_1_57' title='bbox 977 875 1172 960; x_wconf 79' lang='grc' dir='ltr'><strong><em>συστῆ·34</em></strong></span> 
     </span>
     <span class='ocr_line' id='line_1_8' title="bbox 33 969 1121 1061; baseline 0.003 -23"><span class='ocrx_word' id='word_1_58' title='bbox 33 1001 51 1038; x_wconf 90' lang='grc' dir='ltr'><strong><em>ν</em></strong></span> <span class='ocrx_word' id='word_1_59' title='bbox 62 1001 108 1040; x_wconf 88' lang='grc' dir='ltr'><strong><em>αι</em></strong></span> <span class='ocrx_word' id='word_1_60' title='bbox 127 1001 233 1042; x_wconf 90' lang='grc' dir='ltr'><strong><em>κατα</em></strong></span> <span class='ocrx_word' id='word_1_61' title='bbox 243 973 361 1061; x_wconf 88' lang='grc' dir='ltr'><strong><em>σκευὴν</em></strong></span> <span class='ocrx_word' id='word_1_62' title='bbox 374 973 486 1058; x_wconf 78' lang='grc' dir='ltr'><strong><em>ἑτέραν</em></strong></span> <span class='ocrx_word' id='word_1_63' title='bbox 501 972 558 1038; x_wconf 77' lang='grc' dir='ltr'><strong><em>οἵα</em></strong></span> <span class='ocrx_word' id='word_1_64' title='bbox 574 970 633 1038; x_wconf 73' lang='grc' dir='ltr'><strong><em>ἐπ’</em></strong></span> <span class='ocrx_word' id='word_1_65' title='bbox 645 970 811 1056; x_wconf 82' lang='grc' dir='ltr'><strong><em>’Ἀγιδος</em></strong></span> <span class='ocrx_word' id='word_1_66' title='bbox 827 971 961 1057; x_wconf 78' lang='grc' dir='ltr'><strong><em>ἐγένετο,</em></strong></span> <span class='ocrx_word' id='word_1_67' title='bbox 979 969 1121 1041; x_wconf 85' lang='grc' dir='ltr'><strong><em>ότεΛα-</em></strong></span> 
     </span>
     <span class='ocr_line' id='line_1_9' title="bbox 38 1071 1119 1160; baseline 0.003 -20"><span class='ocrx_word' id='word_1_68' title='bbox 38 1077 253 1159; x_wconf 86' lang='grc' dir='ltr'><strong><em>κεδαιμόνιοι</em></strong></span> <span class='ocrx_word' id='word_1_69' title='bbox 281 1077 341 1160; x_wconf 82' lang='grc' dir='ltr'><strong><em>μὲν</em></strong></span> <span class='ocrx_word' id='word_1_70' title='bbox 371 1071 516 1153; x_wconf 75' lang='grc' dir='ltr'><strong><em>ἅπαντες</em></strong></span> <span class='ocrx_word' id='word_1_71' title='bbox 545 1074 811 1160; x_wconf 74' lang='grc' dir='ltr'><strong><em>ἐξεστράτευσαν,</em></strong></span> <span class='ocrx_word' id='word_1_72' title='bbox 845 1072 973 1156; x_wconf 79' lang='grc' dir='ltr'><strong><em>Ἀχαιοὶ</em></strong></span> <span class='ocrx_word' id='word_1_73' title='bbox 1004 1074 1040 1141; x_wconf 75' lang='grc' dir='ltr'><strong><em>δὲ</em></strong></span> <span class='ocrx_word' id='word_1_74' title='bbox 1067 1078 1119 1143; x_wconf 79' lang='grc' dir='ltr'><strong><em>καὶ</em></strong></span> 
     </span>
     <span class='ocr_line' id='line_1_10' title="bbox 3 1171 1121 1264; baseline -0.001 -22"><span class='ocrx_word' id='word_1_75' title='bbox 3 1237 5 1264; x_wconf 40' lang='grc'><strong><em>,</em></strong></span> <span class='ocrx_word' id='word_1_76' title='bbox 41 1173 165 1246; x_wconf 82' lang='grc' dir='ltr'><strong><em>Ὴίεῖοι</em></strong></span> <span class='ocrx_word' id='word_1_77' title='bbox 187 1181 258 1246; x_wconf 83' lang='grc' dir='ltr'><strong><em>τῶν</em></strong></span> <span class='ocrx_word' id='word_1_78' title='bbox 281 1176 484 1263; x_wconf 74' lang='grc' dir='ltr'><strong><em>πραγμάτων</em></strong></span> <span class='ocrx_word' id='word_1_79' title='bbox 507 1175 709 1258; x_wconf 75' lang='grc' dir='ltr'><strong><em>ἐκοινώνουν,</em></strong></span> <span class='ocrx_word' id='word_1_80' title='bbox 733 1171 879 1264; x_wconf 76' lang='grc' dir='ltr'><strong><em>ὑπῆρχον</em></strong></span> <span class='ocrx_word' id='word_1_81' title='bbox 902 1176 939 1244; x_wconf 79' lang='grc' dir='ltr'><strong><em>δὲ</em></strong></span> <span class='ocrx_word' id='word_1_82' title='bbox 958 1177 1045 1255; x_wconf 85' lang='grc' dir='ltr'><strong><em>ξένοι</em></strong></span> <span class='ocrx_word' id='word_1_83' title='bbox 1059 1175 1121 1259; x_wconf 91' lang='grc' dir='ltr'><strong><em>μύ-</em></strong></span> 
     </span>
     <span class='ocr_line' id='line_1_11' title="bbox 3 1267 1232 1367; baseline 0 -21"><span class='ocrx_word' id='word_1_84' title='bbox 3 1283 4 1296; x_wconf 49' lang='lat'><em>*</em></span> <span class='ocrx_word' id='word_1_85' title='bbox 37 1305 116 1363; x_wconf 93' lang='grc' dir='ltr'><strong><em>ριοι,</em></strong></span> <span class='ocrx_word' id='word_1_86' title='bbox 145 1280 370 1367; x_wconf 78' lang='grc' dir='ltr'><strong><em>Ἀλέξανδρος</em></strong></span> <span class='ocrx_word' id='word_1_87' title='bbox 394 1283 439 1359; x_wconf 80' lang='grc' dir='ltr'><strong><em>δέ,</em></strong></span> <span class='ocrx_word' id='word_1_88' title='bbox 468 1276 514 1358; x_wconf 75' lang='grc' dir='ltr'><strong><em>οῖς</em></strong></span> <span class='ocrx_word' id='word_1_89' title='bbox 536 1279 569 1346; x_wconf 80' lang='grc' dir='ltr'><strong><em>οἱ</em></strong></span> <span class='ocrx_word' id='word_1_90' title='bbox 591 1279 748 1365; x_wconf 80' lang='grc' dir='ltr'><strong><em>λέγοντες,</em></strong></span> <span class='ocrx_word' id='word_1_91' title='bbox 778 1279 811 1346; x_wconf 77' lang='grc' dir='ltr'><strong><em>όν</em></strong></span> <span class='ocrx_word' id='word_1_92' title='bbox 830 1273 943 1358; x_wconf 79' lang='grc' dir='ltr'><strong><em>Ἰνδοῖς</em></strong></span> <span class='ocrx_word' id='word_1_93' title='bbox 965 1267 1014 1359; x_wconf 64' lang='grc' dir='ltr'><strong><em>τ’ν,</em></strong></span> <span class='ocrx_word' id='word_1_94' title='bbox 1039 1274 1060 1364; x_wconf 77' lang='grc' dir='ltr'><em>ἡ</em></span> <span class='ocrx_word' id='word_1_95' title='bbox 1085 1279 1120 1345; x_wconf 79' lang='grc' dir='ltr'><strong><em>δὲ</em></strong></span> <span class='ocrx_word' id='word_1_96' title='bbox 1231 1341 1232 1346; x_wconf 73' lang='grc'><strong><em>,</em></strong></span> 
     </span>
     <span class='ocr_line' id='line_1_12' title="bbox 34 1377 1120 1469; baseline 0 -21"><span class='ocrx_word' id='word_1_97' title='bbox 34 1377 150 1463; x_wconf 77' lang='grc' dir='ltr'><strong><em>Ἑλλὰς</em></strong></span> <span class='ocrx_word' id='word_1_98' title='bbox 181 1384 305 1452; x_wconf 78' lang='grc' dir='ltr'><strong><em>ἅπασα</em></strong></span> <span class='ocrx_word' id='word_1_99' title='bbox 335 1382 392 1450; x_wconf 84' lang='grc' dir='ltr'><strong><em>διὰ</em></strong></span> <span class='ocrx_word' id='word_1_100' title='bbox 413 1379 491 1460; x_wconf 81' lang='grc' dir='ltr'><strong><em>τούς</em></strong></span> <span class='ocrx_word' id='word_1_101' title='bbox 513 1383 548 1450; x_wconf 76' lang='grc' dir='ltr'><strong><em>ἐν</em></strong></span> <span class='ocrx_word' id='word_1_102' title='bbox 570 1382 688 1469; x_wconf 82' lang='grc' dir='ltr'><strong><em>ἑκάστη</em></strong></span> <span class='ocrx_word' id='word_1_103' title='bbox 712 1389 777 1449; x_wconf 84' lang='grc' dir='ltr'><strong><em>ταῖν</em></strong></span> <span class='ocrx_word' id='word_1_104' title='bbox 799 1381 930 1450; x_wconf 84' lang='grc' dir='ltr'><strong><em>πόλεων</em></strong></span> <span class='ocrx_word' id='word_1_105' title='bbox 952 1380 1120 1467; x_wconf 80' lang='grc' dir='ltr'><strong><em>προδότας</em></strong></span> 
     </span>
     <span class='ocr_line' id='line_1_13' title="bbox 39 1479 1120 1573; baseline 0.001 -23"><span class='ocrx_word' id='word_1_106' title='bbox 39 1479 216 1573; x_wconf 74' lang='grc' dir='ltr'><strong><em>όηθσμένη</em></strong></span> <span class='ocrx_word' id='word_1_107' title='bbox 240 1495 313 1564; x_wconf 88' lang='grc' dir='ltr'><strong><em>τοῖς</em></strong></span> <span class='ocrx_word' id='word_1_108' title='bbox 328 1492 475 1570; x_wconf 86' lang='grc' dir='ltr'><strong><em>παροῦσι</em></strong></span> <span class='ocrx_word' id='word_1_109' title='bbox 490 1483 681 1569; x_wconf 83' lang='grc' dir='ltr'><strong><em>πράγμασιν</em></strong></span> <span class='ocrx_word' id='word_1_110' title='bbox 697 1479 831 1573; x_wconf 78' lang='grc' dir='ltr'><strong><em>ἠσμένει</em></strong></span> <span class='ocrx_word' id='word_1_111' title='bbox 846 1483 1030 1569; x_wconf 76' lang='grc' dir='ltr'><strong><em>μεταβολήν</em></strong></span> <span class='ocrx_word' id='word_1_112' title='bbox 1045 1509 1120 1551; x_wconf 87' lang='grc' dir='ltr'><strong><em>τινα</em></strong></span> 
     </span>
     <span class='ocr_line' id='line_1_14' title="bbox 42 1576 1170 1674; baseline 0.005 -25"><span class='ocrx_word' id='word_1_113' title='bbox 42 1591 102 1653; x_wconf 81' lang='grc' dir='ltr'><strong><em>τῶν</em></strong></span> <span class='ocrx_word' id='word_1_114' title='bbox 126 1591 243 1656; x_wconf 83' lang='grc' dir='ltr'><strong><em>κακῶν</em></strong></span> <span class='ocrx_word' id='word_1_115' title='bbox 265 1595 330 1654; x_wconf 80' lang='grc' dir='ltr'><strong><em>τῶν</em></strong></span> <span class='ocrx_word' id='word_1_116' title='bbox 353 1586 616 1674; x_wconf 86' lang='grc' dir='ltr'><strong><em>παρεστηκότων.</em></strong></span> <span class='ocrx_word' id='word_1_117' title='bbox 661 1593 695 1654; x_wconf 91' lang='grc' dir='ltr'><strong><em>τί</em></strong></span> <span class='ocrx_word' id='word_1_118' title='bbox 717 1576 793 1669; x_wconf 81' lang='grc' dir='ltr'><strong><em>ούν,·</em></strong></span> <span class='ocrx_word' id='word_1_119' title='bbox 827 1588 860 1655; x_wconf 80' lang='grc' dir='ltr'><strong><em>ἑν</em></strong></span> <span class='ocrx_word' id='word_1_120' title='bbox 888 1586 1018 1666; x_wconf 80' lang='grc' dir='ltr'><strong><em>τούτοις</em></strong></span> <span class='ocrx_word' id='word_1_121' title='bbox 1046 1592 1118 1666; x_wconf 91' lang='grc' dir='ltr'><strong><em>τοῖς</em></strong></span> <span class='ocrx_word' id='word_1_122' title='bbox 1130 1593 1170 1656; x_wconf 87' lang='grc'><strong><em>35</em></strong></span> 
     </span>
     <span class='ocr_line' id='line_1_15' title="bbox 41 1679 1119 1778; baseline 0.005 -25"><span class='ocrx_word' id='word_1_123' title='bbox 41 1699 174 1776; x_wconf 89' lang='grc' dir='ltr'><strong><em>καιροῖς</em></strong></span> <span class='ocrx_word' id='word_1_124' title='bbox 195 1689 419 1778; x_wconf 80' lang='grc' dir='ltr'><strong><em>Δημοσθένης</em></strong></span> <span class='ocrx_word' id='word_1_125' title='bbox 442 1697 492 1768; x_wconf 87' lang='grc' dir='ltr'><strong><em>τίς</em></strong></span> <span class='ocrx_word' id='word_1_126' title='bbox 512 1679 562 1776; x_wconf 80' lang='grc' dir='ltr'><strong><em>ἦν,</em></strong></span> <span class='ocrx_word' id='word_1_127' title='bbox 586 1686 603 1757; x_wconf 85' lang='grc' dir='ltr'><strong><em>ὅ</em></strong></span> <span class='ocrx_word' id='word_1_128' title='bbox 625 1693 684 1758; x_wconf 83' lang='grc' dir='ltr'><strong><em>τοῦ</em></strong></span> <span class='ocrx_word' id='word_1_129' title='bbox 708 1691 951 1776; x_wconf 79' lang='grc' dir='ltr'><strong><em>συμβουλεῦσαι</em></strong></span> <span class='ocrx_word' id='word_1_130' title='bbox 971 1690 1027 1756; x_wconf 86' lang='grc' dir='ltr'><strong><em>καὶ</em></strong></span> <span class='ocrx_word' id='word_1_131' title='bbox 1041 1690 1119 1776; x_wconf 87' lang='grc' dir='ltr'><strong><em>γρό-</em></strong></span> 
     </span>
     <span class='ocr_line' id='line_1_16' title="bbox 38 1790 1120 1881; baseline 0 -25"><span class='ocrx_word' id='word_1_132' title='bbox 38 1803 109 1874; x_wconf 82' lang='grc' dir='ltr'><strong><em>ψαι</em></strong></span> <span class='ocrx_word' id='word_1_133' title='bbox 132 1795 246 1878; x_wconf 89' lang='grc' dir='ltr'><strong><em>κύριος</em></strong></span> <span class='ocrx_word' id='word_1_134' title='bbox 274 1796 328 1861; x_wconf 83' lang='grc' dir='ltr'><strong><em>καὶ</em></strong></span> <span class='ocrx_word' id='word_1_135' title='bbox 353 1792 470 1881; x_wconf 82' lang='grc' dir='ltr'><strong><em>φήσων</em></strong></span> <span class='ocrx_word' id='word_1_136' title='bbox 495 1791 611 1858; x_wconf 77' lang='grc' dir='ltr'><strong><em>αὐτίκα</em></strong></span> <span class='ocrx_word' id='word_1_137' title='bbox 634 1791 674 1880; x_wconf 86' lang='grc' dir='ltr'><strong><em>δὴ</em></strong></span> <span class='ocrx_word' id='word_1_138' title='bbox 697 1795 807 1875; x_wconf 86' lang='grc' dir='ltr'><strong><em>μισεῖν</em></strong></span> <span class='ocrx_word' id='word_1_139' title='bbox 828 1791 870 1857; x_wconf 83' lang='grc' dir='ltr'><strong><em>τὰ</em></strong></span> <span class='ocrx_word' id='word_1_140' title='bbox 892 1790 1120 1877; x_wconf 72' lang='grc' dir='ltr'><strong><em>καθεστηκότα</em></strong></span> 
     </span>
     <span class='ocr_line' id='line_1_17' title="bbox 38 1891 1119 1982; baseline -0.003 -20"><span class='ocrx_word' id='word_1_141' title='bbox 38 1895 246 1979; x_wconf 74' lang='grc' dir='ltr'><strong><em>πράγματος</em></strong></span> <span class='ocrx_word' id='word_1_142' title='bbox 277 1895 321 1962; x_wconf 79' lang='grc' dir='ltr'><strong><em>δοῖ</em></strong></span> <span class='ocrx_word' id='word_1_143' title='bbox 341 1895 404 1980; x_wconf 87' lang='grc' dir='ltr'><strong><em>γὰρ</em></strong></span> <span class='ocrx_word' id='word_1_144' title='bbox 427 1894 505 1972; x_wconf 85' lang='grc' dir='ltr'><strong><em>τούς</em></strong></span> <span class='ocrx_word' id='word_1_145' title='bbox 527 1892 647 1973; x_wconf 72' lang='grc' dir='ltr'><strong><em>ἄλλους</em></strong></span> <span class='ocrx_word' id='word_1_146' title='bbox 669 1892 872 1982; x_wconf 89' lang='grc' dir='ltr'><strong><em>[κινδύνους].</em></strong></span> <span class='ocrx_word' id='word_1_147' title='bbox 917 1891 1065 1977; x_wconf 68' lang='grc' dir='ltr'><strong><em>ἔγραψάς</em></strong></span> <span class='ocrx_word' id='word_1_148' title='bbox 1086 1918 1119 1959; x_wconf 90' lang='grc' dir='ltr'><strong><em>τι</em></strong></span> 
     </span>
     <span class='ocr_line' id='line_1_18' title="bbox 44 1992 1120 2086; baseline 0.003 -30"><span class='ocrx_word' id='word_1_149' title='bbox 44 1995 132 2077; x_wconf 80' lang='grc' dir='ltr'><strong><em>περὶ</em></strong></span> <span class='ocrx_word' id='word_1_150' title='bbox 155 1997 310 2064; x_wconf 88' lang='grc' dir='ltr'><strong><em>τούτων</em></strong></span> <span class='ocrx_word' id='word_1_151' title='bbox 335 1995 535 2086; x_wconf 81' lang='grc' dir='ltr'><strong><em>[κινδύνων],·</em></strong></span> <span class='ocrx_word' id='word_1_152' title='bbox 558 1995 816 2081; x_wconf 79' lang='grc' dir='ltr'><strong><em>συνεβούλευσας</em></strong></span> <span class='ocrx_word' id='word_1_153' title='bbox 823 2024 835 2078; x_wconf 84' lang='grc'><strong><em>,·</em></strong></span> <span class='ocrx_word' id='word_1_154' title='bbox 858 1992 1020 2079; x_wconf 77' lang='grc' dir='ltr'><strong><em>ἐπόρισας</em></strong></span> <span class='ocrx_word' id='word_1_155' title='bbox 1040 1993 1120 2081; x_wconf 83' lang='grc' dir='ltr'><strong><em>χρή-</em></strong></span> 
     </span>
     <span class='ocr_line' id='line_1_19' title="bbox 52 2093 1119 2188; baseline 0.004 -30"><span class='ocrx_word' id='word_1_156' title='bbox 52 2119 164 2180; x_wconf 72' lang='grc' dir='ltr'><strong><em>ματα,</em></strong></span> <span class='ocrx_word' id='word_1_157' title='bbox 193 2099 301 2186; x_wconf 91' lang='grc' dir='ltr'><strong><em>μικρόν</em></strong></span> <span class='ocrx_word' id='word_1_158' title='bbox 330 2125 363 2166; x_wconf 86' lang='grc' dir='ltr'><strong><em>τι</em></strong></span> <span class='ocrx_word' id='word_1_159' title='bbox 389 2095 550 2188; x_wconf 79' lang='grc' dir='ltr'><strong><em>χρήσιμος</em></strong></span> <span class='ocrx_word' id='word_1_160' title='bbox 578 2097 690 2183; x_wconf 72' lang='grc' dir='ltr'><strong><em>ἐγένου</em></strong></span> <span class='ocrx_word' id='word_1_161' title='bbox 720 2110 792 2176; x_wconf 89' lang='grc' dir='ltr'><strong><em>τοῖς</em></strong></span> <span class='ocrx_word' id='word_1_162' title='bbox 821 2093 907 2181; x_wconf 79' lang='grc' dir='ltr'><strong><em>ύπὲρ</em></strong></span> <span class='ocrx_word' id='word_1_163' title='bbox 928 2098 987 2185; x_wconf 77' lang='grc' dir='ltr'><strong><em>τῆς</em></strong></span> <span class='ocrx_word' id='word_1_164' title='bbox 1009 2098 1119 2182; x_wconf 79' lang='grc' dir='ltr'><strong><em>κοινῆς</em></strong></span> 
     </span>
     <span class='ocr_line' id='line_1_20' title="bbox 55 2193 1119 2287; baseline 0.002 -25"><span class='ocrx_word' id='word_1_165' title='bbox 55 2207 218 2285; x_wconf 75' lang='grc' dir='ltr'><strong><em>σωτηρίας</em></strong></span> <span class='ocrx_word' id='word_1_166' title='bbox 238 2202 437 2285; x_wconf 80' lang='grc' dir='ltr'><strong><em>πράττουσιν</em></strong></span> <span class='ocrx_word' id='word_1_167' title='bbox 444 2231 456 2284; x_wconf 93' lang='grc'><strong><em>,·</em></strong></span> <span class='ocrx_word' id='word_1_168' title='bbox 490 2196 563 2268; x_wconf 78' lang='grc' dir='ltr'><strong><em>οὐδ’</em></strong></span> <span class='ocrx_word' id='word_1_169' title='bbox 588 2196 710 2286; x_wconf 79' lang='grc' dir='ltr'><strong><em>ὁτιοῦν,</em></strong></span> <span class='ocrx_word' id='word_1_170' title='bbox 739 2193 824 2266; x_wconf 78' lang='grc' dir='ltr'><strong><em>ἀλλὰ</em></strong></span> <span class='ocrx_word' id='word_1_171' title='bbox 846 2198 997 2287; x_wconf 80' lang='grc' dir='ltr'><strong><em>περιῄεις</em></strong></span> <span class='ocrx_word' id='word_1_172' title='bbox 1019 2223 1119 2265; x_wconf 90' lang='grc' dir='ltr'><strong><em>κατα-</em></strong></span> 
     </span>
     <span class='ocr_line' id='line_1_21' title="bbox 53 2299 1118 2392; baseline 0.008 -29"><span class='ocrx_word' id='word_1_173' title='bbox 53 2299 213 2384; x_wconf 79' lang='grc' dir='ltr'><strong><em>σκευάζων</em></strong></span> <span class='ocrx_word' id='word_1_174' title='bbox 233 2304 441 2390; x_wconf 80' lang='grc' dir='ltr'><strong><em>λογοποιούς,</em></strong></span> <span class='ocrx_word' id='word_1_175' title='bbox 463 2304 518 2371; x_wconf 87' lang='grc' dir='ltr'><strong><em>καὶ</em></strong></span> <span class='ocrx_word' id='word_1_176' title='bbox 544 2304 630 2389; x_wconf 81' lang='grc' dir='ltr'><strong><em>παρ’</em></strong></span> <span class='ocrx_word' id='word_1_177' title='bbox 648 2300 737 2392; x_wconf 80' lang='grc' dir='ltr'><strong><em>αύτηῖ</em></strong></span> <span class='ocrx_word' id='word_1_178' title='bbox 759 2303 895 2390; x_wconf 84' lang='grc' dir='ltr'><strong><em>γράφων</em></strong></span> <span class='ocrx_word' id='word_1_179' title='bbox 918 2301 1094 2371; x_wconf 76' lang='grc' dir='ltr'><strong><em>ἐπιστολαὶ</em></strong></span> <span class='ocrx_word' id='word_1_180' title='bbox 1101 2329 1118 2383; x_wconf 91' lang='grc' dir='ltr'><strong><em>ς</em></strong></span> 
     </span>
     <span class='ocr_line' id='line_1_22' title="bbox 3 2403 1117 2496; baseline 0.006 -29"><span class='ocrx_word' id='word_1_181' title='bbox 3 2490 4 2494; x_wconf 8' lang='lat'>¹</span> <span class='ocrx_word' id='word_1_182' title='bbox 44 2405 99 2470; x_wconf 87' lang='grc' dir='ltr'><strong><em>καί</em></strong></span> <span class='ocrx_word' id='word_1_183' title='bbox 122 2408 346 2491; x_wconf 84' lang='grc' dir='ltr'><strong><em>καταισχύνων</em></strong></span> <span class='ocrx_word' id='word_1_184' title='bbox 368 2403 427 2496; x_wconf 77' lang='grc' dir='ltr'><strong><em>τήν</em></strong></span> <span class='ocrx_word' id='word_1_185' title='bbox 449 2414 509 2492; x_wconf 80' lang='grc' dir='ltr'><strong><em>τῆς</em></strong></span> <span class='ocrx_word' id='word_1_186' title='bbox 536 2407 667 2486; x_wconf 85' lang='grc' dir='ltr'><strong><em>πόλεως</em></strong></span> <span class='ocrx_word' id='word_1_187' title='bbox 690 2407 788 2487; x_wconf 86' lang='grc' dir='ltr'><strong><em>δόξαν</em></strong></span> <span class='ocrx_word' id='word_1_188' title='bbox 811 2407 845 2474; x_wconf 72' lang='grc' dir='ltr'><strong><em>ἔκ</em></strong></span> <span class='ocrx_word' id='word_1_189' title='bbox 866 2414 932 2473; x_wconf 85' lang='grc' dir='ltr'><strong><em>τοῖν</em></strong></span> <span class='ocrx_word' id='word_1_190' title='bbox 950 2406 1117 2474; x_wconf 82' lang='grc' dir='ltr'><strong><em>δακτύλων</em></strong></span> 
     </span>
     <span class='ocr_line' id='line_1_23' title="bbox 42 2503 1166 2596; baseline 0.004 -25"><span class='ocrx_word' id='word_1_191' title='bbox 42 2503 259 2592; x_wconf 76' lang='grc' dir='ltr'><strong><em>ἀναψάμενος</em></strong></span> <span class='ocrx_word' id='word_1_192' title='bbox 281 2508 537 2594; x_wconf 88' lang='grc' dir='ltr'><strong><em>περιεπορεύετο</em></strong></span> <span class='ocrx_word' id='word_1_193' title='bbox 544 2559 554 2589; x_wconf 99' lang='grc'><strong><em>,</em></strong></span> <span class='ocrx_word' id='word_1_194' title='bbox 584 2517 719 2596; x_wconf 77' lang='grc' dir='ltr'><strong><em>τρυφῶν</em></strong></span> <span class='ocrx_word' id='word_1_195' title='bbox 749 2508 782 2576; x_wconf 81' lang='grc' dir='ltr'><strong><em>ἒν</em></strong></span> <span class='ocrx_word' id='word_1_196' title='bbox 812 2513 884 2588; x_wconf 92' lang='grc' dir='ltr'><strong><em>τοῖς</em></strong></span> <span class='ocrx_word' id='word_1_197' title='bbox 905 2515 963 2596; x_wconf 84' lang='grc' dir='ltr'><strong><em>τῆς</em></strong></span> <span class='ocrx_word' id='word_1_198' title='bbox 985 2507 1116 2586; x_wconf 82' lang='grc' dir='ltr'><strong><em>πόλεως</em></strong></span> <span class='ocrx_word' id='word_1_199' title='bbox 1126 2515 1166 2576; x_wconf 88' lang='grc'><strong><em>36</em></strong></span> 
     </span>
     <span class='ocr_line' id='line_1_24' title="bbox 5 2610 1116 2698; baseline 0.002 -25.998"><span class='ocrx_word' id='word_1_200' title='bbox 5 2619 9 2630; x_wconf 90' lang='grc'><strong>“</strong></span> <span class='ocrx_word' id='word_1_201' title='bbox 40 2622 167 2693; x_wconf 85' lang='grc' dir='ltr'><strong><em>κακοῖς,</em></strong></span> <span class='ocrx_word' id='word_1_202' title='bbox 188 2615 245 2678; x_wconf 83' lang='grc' dir='ltr'><strong><em>καὶ</em></strong></span> <span class='ocrx_word' id='word_1_203' title='bbox 266 2611 322 2678; x_wconf 76' lang='grc' dir='ltr'><strong><em>ἐπὶ</em></strong></span> <span class='ocrx_word' id='word_1_204' title='bbox 345 2619 483 2698; x_wconf 79' lang='grc' dir='ltr'><strong><em>φορείου</em></strong></span> <span class='ocrx_word' id='word_1_205' title='bbox 506 2611 802 2694; x_wconf 85' lang='grc' dir='ltr'><strong><em>κατακομιζόμενος</em></strong></span> <span class='ocrx_word' id='word_1_206' title='bbox 823 2612 882 2695; x_wconf 77' lang='grc' dir='ltr'><strong><em>τὴν</em></strong></span> <span class='ocrx_word' id='word_1_207' title='bbox 905 2610 951 2687; x_wconf 81' lang='grc' dir='ltr'><strong><em>εἷς</em></strong></span> <span class='ocrx_word' id='word_1_208' title='bbox 970 2613 1116 2691; x_wconf 83' lang='grc' dir='ltr'><strong><em>Πειραιᾶ</em></strong></span> 
     </span>
     <span class='ocr_line' id='line_1_25' title="bbox 43 2697 1115 2800; baseline 0 -25"><span class='ocrx_word' id='word_1_209' title='bbox 43 2704 131 2795; x_wconf 84' lang='grc' dir='ltr'><strong><em>ὁδόν,</em></strong></span> <span class='ocrx_word' id='word_1_210' title='bbox 157 2712 214 2780; x_wconf 83' lang='grc' dir='ltr'><strong><em>καὶ</em></strong></span> <span class='ocrx_word' id='word_1_211' title='bbox 228 2712 286 2792; x_wconf 83' lang='grc' dir='ltr'><strong><em>τὰς</em></strong></span> <span class='ocrx_word' id='word_1_212' title='bbox 299 2717 365 2780; x_wconf 83' lang='grc' dir='ltr'><strong><em>τῶν</em></strong></span> <span class='ocrx_word' id='word_1_213' title='bbox 381 2713 531 2800; x_wconf 80' lang='grc' dir='ltr'><strong><em>πενήτων</em></strong></span> <span class='ocrx_word' id='word_1_214' title='bbox 548 2711 695 2798; x_wconf 79' lang='grc' dir='ltr'><strong><em>ἀπορίας</em></strong></span> <span class='ocrx_word' id='word_1_215' title='bbox 711 2708 889 2792; x_wconf 83' lang='grc' dir='ltr'><strong><em>ὀνειδίζων.</em></strong></span> <span class='ocrx_word' id='word_1_216' title='bbox 922 2705 993 2776; x_wconf 75' lang='grc' dir='ltr'><strong><em>εἶθ’</em></strong></span> <span class='ocrx_word' id='word_1_217' title='bbox 1018 2697 1115 2789; x_wconf 80' lang='grc' dir='ltr'><strong><em>οὗτος</em></strong></span> 
     </span>
     <span class='ocr_line' id='line_1_26' title="bbox 41 2811 1116 2900; baseline 0.003 -22"><span class='ocrx_word' id='word_1_218' title='bbox 41 2812 86 2892; x_wconf 80' lang='grc' dir='ltr'><strong><em>εἷς</em></strong></span> <span class='ocrx_word' id='word_1_219' title='bbox 107 2817 190 2895; x_wconf 86' lang='grc' dir='ltr'><strong><em>τοὺς</em></strong></span> <span class='ocrx_word' id='word_1_220' title='bbox 210 2817 391 2898; x_wconf 77' lang='grc' dir='ltr'><strong><em>μέλλοντας</em></strong></span> <span class='ocrx_word' id='word_1_221' title='bbox 414 2811 491 2899; x_wconf 84' lang='grc' dir='ltr'><strong><em>ύμῖν</em></strong></span> <span class='ocrx_word' id='word_1_222' title='bbox 513 2814 648 2899; x_wconf 78' lang='grc' dir='ltr'><strong><em>καιρούς</em></strong></span> <span class='ocrx_word' id='word_1_223' title='bbox 671 2816 764 2881; x_wconf 76' lang='grc' dir='ltr'><strong><em>ἔσται</em></strong></span> <span class='ocrx_word' id='word_1_224' title='bbox 777 2812 945 2900; x_wconf 83' lang='grc' dir='ltr'><strong><em>χρήσιμος,</em></strong></span> <span class='ocrx_word' id='word_1_225' title='bbox 968 2820 1116 2900; x_wconf 80' lang='grc' dir='ltr'><strong><em>παραβε-</em></strong></span> 
     </span>
     <span class='ocr_line' id='line_1_27' title="bbox 40 2901 1115 3004; baseline -0.001 -19"><span class='ocrx_word' id='word_1_226' title='bbox 40 2919 149 3001; x_wconf 74' lang='grc' dir='ltr'><strong><em>βηκώς</em></strong></span> <span class='ocrx_word' id='word_1_227' title='bbox 178 2915 330 2998; x_wconf 76' lang='grc' dir='ltr'><strong><em>ἅπαντας</em></strong></span> <span class='ocrx_word' id='word_1_228' title='bbox 358 2918 434 2997; x_wconf 83' lang='grc' dir='ltr'><strong><em>τούς</em></strong></span> <span class='ocrx_word' id='word_1_229' title='bbox 464 2915 757 3004; x_wconf 73' lang='grc' dir='ltr'><strong><em>παρεληλυθόταςς</em></strong></span> <span class='ocrx_word' id='word_1_230' title='bbox 792 2914 968 2996; x_wconf 89' lang='grc' dir='ltr'><strong><em>τοιούτων,</em></strong></span> <span class='ocrx_word' id='word_1_231' title='bbox 1005 2901 1033 2981; x_wconf 78' lang='grc' dir='ltr'><em>ὦ</em></span> <span class='ocrx_word' id='word_1_232' title='bbox 1063 2917 1115 2984; x_wconf 83' lang='grc' dir='ltr'><strong><em>δέ·</em></strong></span> 
     </span>
    </p>
   </div>
   <div class='ocr_carea' id='block_1_3' title="bbox 40 3119 1115 4007">
    <p class='ocr_par' dir='ltr' id='par_1_3' title="bbox 40 3119 1115 4007">
     <span class='ocr_line' id='line_1_28' title="bbox 107 3119 1114 3192; baseline -0.008 -12"><span class='ocrx_word' id='word_1_233' title='bbox 107 3131 122 3180; x_wconf 85' lang='grc'><strong>5</strong></span> <span class='ocrx_word' id='word_1_234' title='bbox 144 3129 190 3176; x_wconf 77' lang='grc' dir='ltr'><strong><em>καὶ</em></strong></span> <span class='ocrx_word' id='word_1_235' title='bbox 208 3124 266 3176; x_wconf 77' lang='grc' dir='ltr'><strong><em>εδδ.</em></strong></span> <span class='ocrx_word' id='word_1_236' title='bbox 285 3121 388 3190; x_wconf 83' lang='lat' dir='ltr'><strong>Reiske,</strong></span> <span class='ocrx_word' id='word_1_237' title='bbox 409 3139 459 3180; x_wconf 89' lang='lat' dir='ltr'><strong><em>om.</em></strong></span> <span class='ocrx_word' id='word_1_238' title='bbox 477 3129 488 3176; x_wconf 89' lang='lat' dir='ltr'><strong>t</strong></span> <span class='ocrx_word' id='word_1_239' title='bbox 505 3154 539 3163; x_wconf 92' lang='lat'>-</span> <span class='ocrx_word' id='word_1_240' title='bbox 556 3119 621 3192; x_wconf 77' lang='grc' dir='ltr'><strong><em>ὑμῖν</em></strong></span> <span class='ocrx_word' id='word_1_241' title='bbox 637 3124 660 3176; x_wconf 84' lang='grc' dir='ltr'>Α</span> <span class='ocrx_word' id='word_1_242' title='bbox 677 3139 724 3191; x_wconf 67' lang='lat' dir='ltr'><strong><em>pr„</em></strong></span> <span class='ocrx_word' id='word_1_243' title='bbox 742 3139 806 3175; x_wconf 84' lang='lat' dir='ltr'><strong>corr.</strong></span> <span class='ocrx_word' id='word_1_244' title='bbox 823 3123 867 3175; x_wconf 61' lang='grc' dir='ltr'><strong><em>ΑΙ.</em></strong></span> <span class='ocrx_word' id='word_1_245' title='bbox 884 3149 918 3161; x_wconf 91' lang='lat'>-</span> <span class='ocrx_word' id='word_1_246' title='bbox 936 3125 952 3176; x_wconf 83' lang='grc'><strong>6</strong></span> <span class='ocrx_word' id='word_1_247' title='bbox 970 3119 1065 3174; x_wconf 69' lang='lat' dir='ltr'><strong><em>muoz</em></strong></span> <span class='ocrx_word' id='word_1_248' title='bbox 1083 3121 1114 3186; x_wconf 86' lang='lat' dir='ltr'><strong><em>N,</em></strong></span> 
     </span>
     <span class='ocr_line' id='line_1_29' title="bbox 41 3189 1115 3260; baseline 0.002 -20"><span class='ocrx_word' id='word_1_249' title='bbox 41 3189 108 3244; x_wconf 79' lang='grc' dir='ltr'><strong><em>πολὺ</em></strong></span> <span class='ocrx_word' id='word_1_250' title='bbox 129 3193 312 3260; x_wconf 78' lang='grc' dir='ltr'><strong><em>ευρειεωίρεΙΙ</em></strong></span> <span class='ocrx_word' id='word_1_251' title='bbox 329 3192 372 3244; x_wconf 59' lang='grc' dir='ltr'><strong><em>ΙΙΙ.</em></strong></span> <span class='ocrx_word' id='word_1_252' title='bbox 394 3221 428 3230; x_wconf 96' lang='grc'>-</span> <span class='ocrx_word' id='word_1_253' title='bbox 450 3191 496 3258; x_wconf 75' lang='lat'><strong><em>34,</em></strong></span> <span class='ocrx_word' id='word_1_254' title='bbox 516 3196 528 3245; x_wconf 87' lang='lat'>1</span> <span class='ocrx_word' id='word_1_255' title='bbox 548 3189 652 3246; x_wconf 73' lang='grc' dir='ltr'><strong><em>πόλεως</em></strong></span> <span class='ocrx_word' id='word_1_256' title='bbox 668 3193 801 3256; x_wconf 78' lang='grc' dir='ltr'><strong><em>συστῆσαι</em></strong></span> <span class='ocrx_word' id='word_1_257' title='bbox 818 3190 874 3243; x_wconf 89' lang='lat' dir='ltr'>libr.</span> <span class='ocrx_word' id='word_1_258' title='bbox 893 3195 915 3255; x_wconf 89' lang='lat' dir='ltr'><strong><em>t,</em></strong></span> <span class='ocrx_word' id='word_1_259' title='bbox 938 3191 1056 3242; x_wconf 79' lang='lat' dir='ltr'><strong>lacunam</strong></span> <span class='ocrx_word' id='word_1_260' title='bbox 1073 3189 1115 3242; x_wconf 87' lang='lat' dir='ltr'><strong><em>hic</em></strong></span> 
     </span>
     <span class='ocr_line' id='line_1_30' title="bbox 40 3252 1115 3330; baseline 0.001 -22"><span class='ocrx_word' id='word_1_261' title='bbox 40 3255 88 3313; x_wconf 83' lang='lat' dir='ltr'><strong>ind.</strong></span> <span class='ocrx_word' id='word_1_262' title='bbox 105 3260 248 3324; x_wconf 77' lang='grc' dir='ltr'><strong><em>Μυείτοει,</em></strong></span> <span class='ocrx_word' id='word_1_263' title='bbox 272 3265 331 3326; x_wconf 88' lang='lat' dir='ltr'><strong>post</strong></span> <span class='ocrx_word' id='word_1_264' title='bbox 354 3261 459 3330; x_wconf 74' lang='grc' dir='ltr'><strong><em>ἐγίνετο</em></strong></span> <span class='ocrx_word' id='word_1_265' title='bbox 478 3260 594 3328; x_wconf 80' lang='lat' dir='ltr'>Sauppe,</span> <span class='ocrx_word' id='word_1_266' title='bbox 615 3259 679 3330; x_wconf 82' lang='grc' dir='ltr'><strong><em>(καὶ</em></strong></span> <span class='ocrx_word' id='word_1_267' title='bbox 700 3254 766 3313; x_wconf 85' lang='grc' dir='ltr'><strong><em>πότ’</em></strong></span> <span class='ocrx_word' id='word_1_268' title='bbox 787 3252 821 3311; x_wconf 73' lang='grc' dir='ltr'><strong><em>ἂν</em></strong></span> <span class='ocrx_word' id='word_1_269' title='bbox 838 3257 949 3326; x_wconf 78' lang='grc' dir='ltr'><strong><em>οἴεσθε)</em></strong></span> <span class='ocrx_word' id='word_1_270' title='bbox 966 3257 1115 3311; x_wconf 80' lang='lat' dir='ltr'>Graffunder</span> 
     </span>
     <span class='ocr_line' id='line_1_31' title="bbox 41 3320 1112 3396; baseline -0.004 -14"><span class='ocrx_word' id='word_1_271' title='bbox 41 3351 73 3364; x_wconf 61' lang='lat'><em>-</em></span> <span class='ocrx_word' id='word_1_272' title='bbox 89 3328 238 3391; x_wconf 77' lang='grc' dir='ltr'><strong><em>συστησαιι</em></strong></span> <span class='ocrx_word' id='word_1_273' title='bbox 263 3327 295 3381; x_wconf 83' lang='lat' dir='ltr'><strong><em>de</em></strong></span> <span class='ocrx_word' id='word_1_274' title='bbox 313 3344 370 3381; x_wconf 85' lang='lat' dir='ltr'><strong><em>meo</em></strong></span> <span class='ocrx_word' id='word_1_275' title='bbox 388 3329 493 3381; x_wconf 81' lang='lat' dir='ltr'><strong>mutavi.</strong></span> <span class='ocrx_word' id='word_1_276' title='bbox 512 3357 545 3366; x_wconf 88' lang='lat'>—</span> <span class='ocrx_word' id='word_1_277' title='bbox 563 3332 578 3382; x_wconf 84' lang='lat'><strong>2</strong></span> <span class='ocrx_word' id='word_1_278' title='bbox 596 3323 770 3396; x_wconf 85' lang='grc' dir='ltr'><strong><em>παρασκευὴν</em></strong></span> <span class='ocrx_word' id='word_1_279' title='bbox 787 3327 819 3392; x_wconf 88' lang='grc' dir='ltr'><strong><em>Ν,</em></strong></span> <span class='ocrx_word' id='word_1_280' title='bbox 837 3327 869 3378; x_wconf 80' lang='lat' dir='ltr'><strong><em>cf.</em></strong></span> <span class='ocrx_word' id='word_1_281' title='bbox 889 3326 907 3376; x_wconf 84' lang='lat' dir='ltr'><strong>G</strong></span> <span class='ocrx_word' id='word_1_282' title='bbox 928 3343 953 3394; x_wconf 89' lang='lat' dir='ltr'><strong><em>p.</em></strong></span> <span class='ocrx_word' id='word_1_283' title='bbox 972 3330 995 3378; x_wconf 78' lang='grc' dir='ltr'><strong><em>Ἰ.</em></strong></span> <span class='ocrx_word' id='word_1_284' title='bbox 1014 3355 1048 3364; x_wconf 83' lang='grc'><strong><em>-</em></strong></span> <span class='ocrx_word' id='word_1_285' title='bbox 1066 3320 1112 3378; x_wconf 74' lang='grc' dir='ltr'><strong><em>ἐπ’</em></strong></span> 
     </span>
     <span class='ocr_line' id='line_1_32' title="bbox 42 3389 1115 3468; baseline -0.001 -24"><span class='ocrx_word' id='word_1_286' title='bbox 42 3393 113 3464; x_wconf 76' lang='grc' dir='ltr'><strong><em>αἰγὸς</em></strong></span> <span class='ocrx_word' id='word_1_287' title='bbox 134 3395 205 3448; x_wconf 75' lang='lat' dir='ltr'><strong>ANt:</strong></span> <span class='ocrx_word' id='word_1_288' title='bbox 229 3411 292 3448; x_wconf 81' lang='lat' dir='ltr'><strong>corr.</strong></span> <span class='ocrx_word' id='word_1_289' title='bbox 311 3395 470 3462; x_wconf 73' lang='lat' dir='ltr'>wesseling.</span> <span class='ocrx_word' id='word_1_290' title='bbox 493 3399 605 3468; x_wconf 76' lang='grc' dir='ltr'><strong><em>ίναγχσε</em></strong></span> <span class='ocrx_word' id='word_1_291' title='bbox 629 3396 717 3449; x_wconf 79' lang='lat' dir='ltr'>Cobet.</span> <span class='ocrx_word' id='word_1_292' title='bbox 741 3424 775 3433; x_wconf 98' lang='lat'>—</span> <span class='ocrx_word' id='word_1_293' title='bbox 803 3399 818 3448; x_wconf 80' lang='grc' dir='ltr'><strong><em>ό</em></strong></span> <span class='ocrx_word' id='word_1_294' title='bbox 840 3390 877 3446; x_wconf 78' lang='grc' dir='ltr'><strong><em>ὠν</em></strong></span> <span class='ocrx_word' id='word_1_295' title='bbox 894 3391 922 3445; x_wconf 84' lang='grc' dir='ltr'><strong><em>σῖ</em></strong></span> <span class='ocrx_word' id='word_1_296' title='bbox 942 3389 1057 3456; x_wconf 85' lang='grc' dir='ltr'><strong><em>ἅγιστα</em></strong></span> <span class='ocrx_word' id='word_1_297' title='bbox 1075 3389 1115 3443; x_wconf 77' lang='grc' dir='ltr'><strong><em>λε’-</em></strong></span> 
     </span>
     <span class='ocr_line' id='line_1_33' title="bbox 41 3461 1115 3532; baseline -0.004 -16"><span class='ocrx_word' id='word_1_298' title='bbox 41 3479 136 3528; x_wconf 75' lang='lat' dir='ltr'><strong><em>yeme</em></strong></span> <span class='ocrx_word' id='word_1_299' title='bbox 152 3463 252 3528; x_wconf 81' lang='lat' dir='ltr'><strong>Baiter,</strong></span> <span class='ocrx_word' id='word_1_300' title='bbox 275 3465 334 3517; x_wconf 85' lang='lat' dir='ltr'>coll.</span> <span class='ocrx_word' id='word_1_301' title='bbox 352 3465 428 3517; x_wconf 76' lang='lat' dir='ltr'><strong>Isocr.</strong></span> <span class='ocrx_word' id='word_1_302' title='bbox 445 3463 487 3532; x_wconf 90' lang='lat' dir='ltr'><strong><em>IX,</em></strong></span> <span class='ocrx_word' id='word_1_303' title='bbox 506 3467 552 3530; x_wconf 81' lang='grc'><strong><em>28,</em></strong></span> <span class='ocrx_word' id='word_1_304' title='bbox 574 3464 617 3516; x_wconf 76' lang='lat' dir='ltr'>alii</span> <span class='ocrx_word' id='word_1_305' title='bbox 635 3465 697 3529; x_wconf 83' lang='grc' dir='ltr'><strong><em>εΙΙε,</em></strong></span> <span class='ocrx_word' id='word_1_306' title='bbox 719 3463 765 3516; x_wconf 78' lang='lat' dir='ltr'><strong><em>sed</em></strong></span> <span class='ocrx_word' id='word_1_307' title='bbox 784 3463 816 3514; x_wconf 87' lang='grc' dir='ltr'><strong><em>εΙ.</em></strong></span> <span class='ocrx_word' id='word_1_308' title='bbox 835 3462 924 3526; x_wconf 83' lang='lat' dir='ltr'><strong>[Dem.]</strong></span> <span class='ocrx_word' id='word_1_309' title='bbox 966 3461 1004 3525; x_wconf 91' lang='grc' dir='ltr'><strong><em>ΙΙΙ,</em></strong></span> <span class='ocrx_word' id='word_1_310' title='bbox 1021 3461 1063 3512; x_wconf 89' lang='grc'><strong><em>36.</em></strong></span> <span class='ocrx_word' id='word_1_311' title='bbox 1081 3487 1115 3498; x_wconf 87' lang='lat'>-</span> 
     </span>
     <span class='ocr_line' id='line_1_34' title="bbox 43 3527 1115 3599; baseline -0.002 -19"><span class='ocrx_word' id='word_1_312' title='bbox 43 3530 135 3585; x_wconf 72' lang='grc' dir='ltr'><strong><em>ὃταῖν</em></strong></span> <span class='ocrx_word' id='word_1_313' title='bbox 151 3549 192 3584; x_wconf 86' lang='grc' dir='ltr'><strong><em>πα</em></strong></span> <span class='ocrx_word' id='word_1_314' title='bbox 210 3529 367 3598; x_wconf 84' lang='grc' dir='ltr'><strong><em>εστηκότων</em></strong></span> <span class='ocrx_word' id='word_1_315' title='bbox 382 3532 477 3584; x_wconf 79' lang='grc' dir='ltr'><strong><em>κακῶν</em></strong></span> <span class='ocrx_word' id='word_1_316' title='bbox 493 3531 524 3584; x_wconf 89' lang='grc' dir='ltr'><strong><em>Ν.</em></strong></span> <span class='ocrx_word' id='word_1_317' title='bbox 547 3560 581 3570; x_wconf 96' lang='grc'><strong>-</strong></span> <span class='ocrx_word' id='word_1_318' title='bbox 602 3531 648 3596; x_wconf 72' lang='lat'><strong><em>35,</em></strong></span> <span class='ocrx_word' id='word_1_319' title='bbox 666 3534 681 3584; x_wconf 84' lang='lat'><strong>3</strong></span> <span class='ocrx_word' id='word_1_320' title='bbox 703 3534 800 3599; x_wconf 85' lang='grc' dir='ltr'><strong><em>μησεῖν</em></strong></span> <span class='ocrx_word' id='word_1_321' title='bbox 817 3529 840 3581; x_wconf 78' lang='grc' dir='ltr'><strong>Α</strong></span> <span class='ocrx_word' id='word_1_322' title='bbox 857 3546 908 3597; x_wconf 70' lang='grc' dir='ltr'><strong><em>με,</em></strong></span> <span class='ocrx_word' id='word_1_323' title='bbox 932 3544 995 3581; x_wconf 83' lang='lat' dir='ltr'><strong>corr.</strong></span> <span class='ocrx_word' id='word_1_324' title='bbox 1014 3527 1057 3579; x_wconf 60' lang='grc' dir='ltr'><strong><em>ΑΙ.</em></strong></span> <span class='ocrx_word' id='word_1_325' title='bbox 1080 3555 1115 3566; x_wconf 92' lang='grc'><strong><em>--</em></strong></span> 
     </span>
     <span class='ocr_line' id='line_1_35' title="bbox 42 3551 1113 3664; baseline -0.002 -14"><span class='ocrx_word' id='word_1_326' title='bbox 42 3600 96 3652; x_wconf 69' lang='grc' dir='ltr'><strong><em>4η.</em></strong></span> <span class='ocrx_word' id='word_1_327' title='bbox 118 3600 169 3653; x_wconf 86' lang='grc' dir='ltr'><strong><em>δεΙ.</em></strong></span> <span class='ocrx_word' id='word_1_328' title='bbox 183 3551 290 3664; x_wconf 59' lang='grc' dir='ltr'><strong><em>ίόεοΙιε,</em></strong></span> <span class='ocrx_word' id='word_1_329' title='bbox 308 3615 373 3654; x_wconf 80' lang='lat' dir='ltr'>serv.</span> <span class='ocrx_word' id='word_1_330' title='bbox 391 3607 410 3651; x_wconf 86' lang='lat' dir='ltr'><strong><em>t.</em></strong></span> <span class='ocrx_word' id='word_1_331' title='bbox 427 3629 460 3638; x_wconf 87' lang='lat'><em>-</em></span> <span class='ocrx_word' id='word_1_332' title='bbox 480 3604 561 3653; x_wconf 71' lang='grc' dir='ltr'><strong><em>ὅτου</em></strong></span> <span class='ocrx_word' id='word_1_333' title='bbox 578 3603 638 3652; x_wconf 83' lang='grc' dir='ltr'><strong><em>τῶν</em></strong></span> <span class='ocrx_word' id='word_1_334' title='bbox 655 3601 686 3663; x_wconf 84' lang='grc' dir='ltr'><strong><em>Α,</em></strong></span> <span class='ocrx_word' id='word_1_335' title='bbox 762 3599 822 3651; x_wconf 82' lang='grc' dir='ltr'><strong><em>τῶν</em></strong></span> <span class='ocrx_word' id='word_1_336' title='bbox 838 3598 861 3650; x_wconf 89' lang='lat' dir='ltr'>N</span> <span class='ocrx_word' id='word_1_337' title='bbox 879 3600 941 3661; x_wconf 77' lang='lat' dir='ltr'><strong>(tres</strong></span> <span class='ocrx_word' id='word_1_338' title='bbox 958 3596 997 3648; x_wconf 80' lang='lat' dir='ltr'><strong>lit.</strong></span> <span class='ocrx_word' id='word_1_339' title='bbox 1016 3597 1113 3660; x_wconf 67' lang='lat' dir='ltr'>erasae)</span> 
     </span>
     <span class='ocr_line' id='line_1_36' title="bbox 40 3665 1113 3734; baseline -0.003 -13"><span class='ocrx_word' id='word_1_340' title='bbox 40 3691 72 3706; x_wconf 64' lang='lat'><em>-</em></span> <span class='ocrx_word' id='word_1_341' title='bbox 89 3689 116 3721; x_wconf 86' lang='grc' dir='ltr'><strong><em>κ.</em></strong></span> <span class='ocrx_word' id='word_1_342' title='bbox 135 3668 186 3720; x_wconf 79' lang='lat' dir='ltr'><strong>del.</strong></span> <span class='ocrx_word' id='word_1_343' title='bbox 204 3667 314 3734; x_wconf 79' lang='lat' dir='ltr'><strong>Bekker,</strong></span> <span class='ocrx_word' id='word_1_344' title='bbox 331 3665 439 3721; x_wconf 82' lang='grc' dir='ltr'><strong><em>τούτων</em></strong></span> <span class='ocrx_word' id='word_1_345' title='bbox 456 3668 515 3719; x_wconf 80' lang='grc' dir='ltr'><strong><em>ταῖν</em></strong></span> <span class='ocrx_word' id='word_1_346' title='bbox 532 3687 555 3719; x_wconf 82' lang='grc' dir='ltr'><strong><em>κ.</em></strong></span> <span class='ocrx_word' id='word_1_347' title='bbox 570 3668 658 3722; x_wconf 87' lang='lat' dir='ltr'>Wurm</span> <span class='ocrx_word' id='word_1_348' title='bbox 676 3673 695 3720; x_wconf 85' lang='grc' dir='ltr'><strong><em>Ι.</em></strong></span> <span class='ocrx_word' id='word_1_349' title='bbox 711 3697 746 3704; x_wconf 99' lang='grc'>-</span> <span class='ocrx_word' id='word_1_350' title='bbox 764 3671 778 3720; x_wconf 77' lang='grc' dir='ltr'><strong><em>Ι</em></strong></span> <span class='ocrx_word' id='word_1_351' title='bbox 797 3683 876 3734; x_wconf 81' lang='grc' dir='ltr'><strong><em>περι.</em></strong></span> <span class='ocrx_word' id='word_1_352' title='bbox 887 3701 893 3715; x_wconf 94' lang='grc'><strong><em>.</em></strong></span> <span class='ocrx_word' id='word_1_353' title='bbox 904 3681 933 3716; x_wconf 84' lang='grc' dir='ltr'><strong><em>,τ</em></strong></span> <span class='ocrx_word' id='word_1_354' title='bbox 950 3665 1032 3730; x_wconf 89' lang='lat' dir='ltr'><strong>Npr.,</strong></span> <span class='ocrx_word' id='word_1_355' title='bbox 1050 3678 1113 3718; x_wconf 78' lang='lat' dir='ltr'><strong>corr.</strong></span> 
     </span>
     <span class='ocr_line' id='line_1_37' title="bbox 43 3729 1114 3805; baseline -0.005 -15"><span class='ocrx_word' id='word_1_356' title='bbox 43 3729 83 3799; x_wconf 81' lang='lat' dir='ltr'><strong><em>N¹,</em></strong></span> <span class='ocrx_word' id='word_1_357' title='bbox 100 3730 209 3805; x_wconf 80' lang='grc' dir='ltr'><strong><em>περιὴει</em></strong></span> <span class='ocrx_word' id='word_1_358' title='bbox 224 3735 331 3789; x_wconf 81' lang='lat' dir='ltr'><strong>Franke.</strong></span> <span class='ocrx_word' id='word_1_359' title='bbox 349 3765 382 3774; x_wconf 91' lang='grc'><strong>-</strong></span> <span class='ocrx_word' id='word_1_360' title='bbox 401 3739 416 3790; x_wconf 87' lang='grc'>8</span> <span class='ocrx_word' id='word_1_361' title='bbox 435 3729 510 3786; x_wconf 77' lang='grc' dir='ltr'><strong><em>αὐτῶ</em></strong></span> <span class='ocrx_word' id='word_1_362' title='bbox 527 3735 599 3787; x_wconf 85' lang='grc' dir='ltr'><strong><em>Ν-</em></strong></span> <span class='ocrx_word' id='word_1_363' title='bbox 621 3731 781 3800; x_wconf 76' lang='grc' dir='ltr'><strong><em>ίπιστσίὴνι</em></strong></span> <span class='ocrx_word' id='word_1_364' title='bbox 800 3750 862 3786; x_wconf 85' lang='lat' dir='ltr'><strong>corr.</strong></span> <span class='ocrx_word' id='word_1_365' title='bbox 875 3731 957 3798; x_wconf 80' lang='grc' dir='ltr'><strong><em>ΒΙεεε,</em></strong></span> <span class='ocrx_word' id='word_1_366' title='bbox 975 3732 1008 3786; x_wconf 84' lang='lat' dir='ltr'><strong><em>cf.</em></strong></span> <span class='ocrx_word' id='word_1_367' title='bbox 1020 3729 1114 3785; x_wconf 78' lang='lat' dir='ltr'>Aesch.</span> 
     </span>
     <span class='ocr_line' id='line_1_38' title="bbox 43 3789 1113 3873; baseline 0 -20"><span class='ocrx_word' id='word_1_368' title='bbox 43 3798 150 3868; x_wconf 81' lang='lat'><strong><em>111,164‚</em></strong></span> <span class='ocrx_word' id='word_1_369' title='bbox 166 3789 323 3870; x_wconf 70' lang='grc' dir='ltr'><strong><em>ῖνιιστοίὴν,</em></strong></span> <span class='ocrx_word' id='word_1_370' title='bbox 336 3807 347 3856; x_wconf 83' lang='grc' dir='ltr'><strong><em>Ι</em></strong></span> <span class='ocrx_word' id='word_1_371' title='bbox 363 3833 397 3844; x_wconf 88' lang='lat'><em>-</em></span> <span class='ocrx_word' id='word_1_372' title='bbox 415 3807 461 3856; x_wconf 83' lang='grc' dir='ltr'><strong><em>καὶ</em></strong></span> <span class='ocrx_word' id='word_1_373' title='bbox 478 3799 548 3872; x_wconf 80' lang='grc' dir='ltr'><strong><em>παρ’</em></strong></span> <span class='ocrx_word' id='word_1_374' title='bbox 563 3798 638 3868; x_wconf 78' lang='grc' dir='ltr'><strong><em>αύτῷ</em></strong></span> <span class='ocrx_word' id='word_1_375' title='bbox 654 3799 797 3873; x_wconf 71' lang='grc' dir='ltr'><strong><em>γεγραφὼς</em></strong></span> <span class='ocrx_word' id='word_1_376' title='bbox 813 3797 960 3866; x_wconf 74' lang='grc' dir='ltr'><strong><em>ἐπιστολὴν</em></strong></span> <span class='ocrx_word' id='word_1_377' title='bbox 975 3799 1113 3866; x_wconf 59' lang='lat' dir='ltr'><strong>Muenna,</strong></span> 
     </span>
     <span class='ocr_line' id='line_1_39' title="bbox 45 3865 1112 4007; baseline -0.001 -17"><span class='ocrx_word' id='word_1_378' title='bbox 45 3865 816 4007; x_wconf 47' lang='lat' dir='ltr'><strong><em>qfifffflaaffffiffiapfflffviw‘t&#39;ssegniffffht&#39;</em></strong></span> <span class='ocrx_word' id='word_1_379' title='bbox 834 3897 867 3906; x_wconf 60' lang='grc'><strong>-</strong></span> <span class='ocrx_word' id='word_1_380' title='bbox 885 3867 959 3935; x_wconf 56' lang='lat'><strong><em>36&#39;2</em></strong></span> <span class='ocrx_word' id='word_1_381' title='bbox 977 3873 1072 3940; x_wconf 55' lang='lat' dir='ltr'><strong><em>mm</em></strong></span> <span class='ocrx_word' id='word_1_382' title='bbox 1090 3869 1112 3922; x_wconf 75' lang='lat' dir='ltr'>N</span> 
     </span>
    </p>

    <p class='ocr_par' dir='ltr' id='par_1_4' title="bbox 205 3965 801 4005">
     <span class='ocr_line' id='line_1_40' title="bbox 205 3965 801 4005; baseline -0.002 -13"><span class='ocrx_word' id='word_1_383' title='bbox 205 3977 221 4005; x_wconf 71' lang='lat'><strong><em>0,</em></strong></span> <span class='ocrx_word' id='word_1_384' title='bbox 512 3979 518 3992; x_wconf 83' lang='grc' dir='ltr'>Ι</span> <span class='ocrx_word' id='word_1_385' title='bbox 535 3965 570 3978; x_wconf 70' lang='lat'>—</span> <span class='ocrx_word' id='word_1_386' title='bbox 794 3977 801 3991; x_wconf 82' lang='grc' dir='ltr'>Ι</span> 
     </span>
    </p>
   </div>
   <div class='ocr_carea' id='block_1_4' title="bbox 0 0 1338 4558">
    <p class='ocr_par' dir='ltr' id='par_1_5' title="bbox 0 0 1338 4558">
     <span class='ocr_line' id='line_1_41' title="bbox 0 0 1338 4558; baseline 0 2"><span class='ocrx_word' id='word_1_387' title='bbox 0 0 1338 4558; x_wconf 95' lang='lat' dir='ltr'><strong><em> </em></strong></span> 
     </span>
    </p>
   </div>
  </div>
 </body>
</html>
