2668 4558
442 165 526 216 ΙΙλΤίΙ
545 163 763 217 ΦΙΔΟΙΙΛΙΙΟΥΣ.
1098 159 1136 220 47

66 330 102 397 οἱ
126 330 205 398 θεοὶ
229 331 391 416 φανεροὺς
414 328 491 413 ὑμῖν
514 331 713 421 ποιήσαντες
735 332 925 413 παρέδοσαν
953 331 1141 420 τιμωρήσα-

65 439 166 512 σθαι,
192 433 371 515 ἑωρακότες
387 432 445 498 τόν
469 436 570 522 δῆμον
594 429 727 499 ἅπαντα
748 433 927 522 κατήγορον
949 433 1068 499 τούτου
1090 459 1140 518 γε·

63 540 245 620 γενημίνον
267 532 614 622 καὶπροκεχειρικότα
636 537 769 618 πρῶτον
792 538 858 601 τῶν
882 531 989 602 ἀλλων
1013 533 1070 600 ἐπὶ
1094 537 1140 621 τῷ

64 636 130 721 τήν
153 643 315 717 τιμωρίαν
339 635 371 702 ἐν
394 632 471 716 όμῖν
495 638 619 701 δοῦναι.

151 732 248 802 Ἀλλ’
274 739 386 822 ἐ’γωγε,
411 738 448 824 νή
471 739 529 803 τόν
551 743 619 804 Δία
641 735 697 803 τόν
721 741 868 824 σωτήρα,
894 737 1088 820 αἰσχύνομαι
1112 737 1189 813 εί15

64 845 323 921 προτραπέντας
359 834 444 919 όμᾶς
481 840 532 906 δεῖ
563 838 618 904 καί
647 839 919 924 παροξυνθέντας
952 833 1012 924 ἀφ’
1048 837 1140 924 ήμῶν

64 940 127 1007 ἐπὶ
142 941 200 1024 τὴν
216 944 275 1007 τοῦ
290 944 346 1007 νόν
371 940 682 1028 εἰσεληλυθότος
703 941 763 1029 τήν
786 948 892 1025 κρίσιν
910 939 1071 1032 τιμωρίαν
1088 942 1141 1008 ἐλ-

64 1047 157 1110 θεῖν.
187 1045 261 1124 [καί]
278 1038 335 1109 οόκ
351 1038 516 1110 αὐτόπται
532 1044 605 1111 ἐστὲ
621 1052 687 1108 τιῦν
702 1040 770 1109 ἀπὸ
787 1045 906 1110 τούτου
921 1049 1140 1129 γεγενημένων

65 1141 298 1231 ἀδικημάτων,·
331 1147 384 1212 καὶ
415 1141 432 1210 ὃ
461 1147 520 1227 μὲν
549 1147 651 1229 δῆμος
682 1140 771 1223 ἀπας
795 1140 869 1210 οὔτ’
895 1143 1042 1230 ἀσφαλὲς
1066 1142 1141 1211 σότε

65 1249 197 1314 δίκαιον
213 1246 354 1330 νομίζων
376 1242 461 1313 εἶναι
483 1246 791 1330 παρακαταθέσθαι
818 1247 894 1324 τοὺς
918 1247 1035 1313 ἑαυτοῦ
1059 1257 1140 1312 παῖ-

67 1351 131 1428 δας
153 1344 446 1436 ἀπεχειροτόνησεν
471 1344 569 1415 αὐτόν
591 1344 662 1415 ἀπό
685 1357 744 1434 τῆς
766 1357 831 1415 τῶν
861 1349 993 1434 ἐφήβων
1024 1349 1140 1430 ἐπιμε-

67 1452 176 1530 λείας·
209 1447 302 1531 όμεῖς
325 1453 361 1518 δὲ
384 1452 416 1518 οἱ
438 1455 497 1539 τής
521 1453 740 1538 δημοκρατίας
769 1451 825 1518 καὶ
853 1459 918 1517 τῶν
944 1451 1052 1532 νόμων
1076 1449 1139 1537 φύ·
1152 1465 1189 1526 16

68 1557 173 1632 λακες,
198 1549 260 1632 οἷς
282 1553 302 1640 ἡ
325 1553 402 1639 τόχη
416 1558 479 1643 Ικαί
505 1549 522 1619 ό
545 1553 663 1639 κλῆρος
685 1549 769 1635 όπὲρ
793 1553 886 1642 <τοῦ>
909 1554 1013 1642 δήμου
1036 1553 1141 1634 [δικά-

67 1662 198 1737 σοντας]
221 1656 393 1740 ἐπέτρεψε,
417 1645 579 1743 φείσεσθε
601 1659 659 1722 τοῦ
681 1660 819 1723 τοιαῦτα
836 1654 1137 1740 διαπεπραγμένου,

65 1763 120 1825 καὶ
151 1759 190 1826 τό
219 1758 324 1842 πέρας
347 1758 474 1842 ἔχοντες
497 1755 741 1825 ἁπάντωντῶν
764 1759 797 1824 ίν
819 1761 858 1844 τῇ
882 1759 981 1823 πόλει
1003 1760 1139 1825 δικαίων

68 1862 276 1947 ἀτιμώρητον
299 1861 443 1947 ἀφήσετε
464 1861 521 1926 τὸν
546 1858 730 1943 δωροδόκον
759 1860 814 1926 καί
842 1861 976 1926 πόντων
998 1867 1064 1926 τιῦν
1086 1885 1140 1944 γε-

67 1970 250 2051 γενημένων
273 1966 378 2029 κακῶν
401 1960 580 2046 α’ίτιον,ός
602 2001 643 2012 -
667 1959 749 2047 ὅπερ
771 1961 826 2028 καί
848 1971 954 2048 μικρῷ
976 1963 1138 2046 πρότερον

71 2061 166 2131 εἶπον
194 2103 234 2114 -
264 2065 364 2146 μόνος
394 2069 458 2131 τῶν
487 2069 640 2150 πονηρῶν
670 2065 803 2131 πάντων
832 2071 920 2149 τρίς,
951 2059 1007 2146 οόχ
1036 2060 1136 2142 ἅπαξ,

75 2166 326 2252 ἀποπέφανται,
362 2167 417 2234 καὶ
445 2171 516 2253 τρίς
545 2167 606 2257 ήδη
637 2169 770 2246 δικαίως
795 2193 812 2231 ι
837 2193 854 2231 ε
880 2193 897 2230 a
922 2167 1139 2249 ἐζημιωμένος

79 2268 212 2356 θανάτῳ
232 2268 313 2336 κατά
334 2269 373 2334 τό
397 2269 517 2336 ἑαυτοῦ
538 2271 708 2359 ψήφισμα.
754 2277 786 2338 τί
808 2258 864 2334 σόν
888 2263 1087 2352 ἀναμενεῖτε,
1112 2259 1188 2340 ιάΙΙ

72 2365 265 2455 Ἀθηναῖοις
294 2374 346 2437 καί
371 2377 455 2438 ποῖα
478 2368 666 2456 ἀδικήματα
689 2373 813 2457 ζητεῖτε
836 2371 931 2454 ἕτερα
952 2372 1052 2455 μείζω
1074 2374 1140 2437 τῶν

72 2472 250 2560 εἰρημένων
274 2472 430 2557 ἀκοῦσαι,·
461 2469 518 2556 οόχ
540 2471 632 2555 όμεϊς
655 2475 728 2541 ἐστε
750 2477 802 2542 καὶ
827 2474 860 2540 οἱ
882 2471 1033 2556 ὑμέτεροι
1055 2473 1139 2557 πρό-

70 2599 164 2660 γονοι
187 2575 219 2641 οἱ
244 2581 402 2661 Τιμοθίφ
424 2577 685 2662 Πελοπόννησον
709 2576 969 2658 περιπλεύσαντι
996 2573 1051 2640 καί
1078 2573 1138 2662 τήν

72 2679 105 2745 ίν
129 2679 279 2768 Κερκύρᾳ
301 2684 481 2770 ναυμαχίαν
499 2680 788 2761 Λακεδαιμονίους
810 2677 978 2766 νικήσαντι
1000 2679 1052 2743 καί
1071 2677 1138 2741 Κό-

3 2861 4 2884 ¹
71 2806 174 2858 νωνος
197 2781 262 2848 υίεῖ
283 2781 377 2867 <τοῦ>
399 2781 476 2860 τοδς
490 2776 648 2868 Ἕλληνας
665 2780 981 2864 ἐλευθερώσαντος
1003 2780 1055 2845 καί
1072 2779 1138 2845 Σά-

2 2890 5 2983 ζ
100 2961 103 2968 ’
140 2955 154 3006 8
172 2949 327 3022 δωροκόταε
345 2952 496 3019 Stephanus.
515 2981 548 2990 ·-
565 2955 581 3005 9
599 2946 825 3022 προκεχωρηκότα
842 2951 887 3003 ΝΑ
900 2961 948 3017 p'r.:
966 2952 992 3002 iu
1010 2951 1033 3002 A
1049 2965 1137 3010 casura

71 3025 212 3074 correctum
230 3049 263 3058 -
280 3022 325 3072 ἐπὶ
344 3018 376 3072 τὸ
397 3021 426 3085 N,
445 3020 508 3072 σίῦ
526 3036 551 3086 p.
564 3024 588 3073 9.
608 3021 700 3082 -15‚
720 3022 735 3071 2
752 3015 810 3070 δεῖν
827 3019 874 3070 ΝΑ
889 3036 939 3087 pr.:
960 3039 978 3071 ν
995 3034 1094 3071 erasum
1111 3019 1138 3068 iu

69 3091 102 3154 A,
120 3091 327 3158 προτραπέντας
345 3085 403 3139 δεῖν
420 3087 515 3158 παροξ.
535 3090 556 3141 Α
574 3105 611 3156 pr.
629 3089 730 3140 omissis
755 3094 781 3140 et
801 3082 871 3153 όμᾶε
893 3094 919 3139 εί
940 3091 997 3152 καὶ,
1022 3103 1084 3139 corr.
1104 3085 1138 3136 ΙΙ1

69 3187 105 3196 -
123 3153 201 3223 ὑμῶν
218 3156 264 3208 ΝΑ
276 3171 323 3220 pn,
340 3172 403 3208 corr.
415 3158 456 3208 A&
475 3186 507 3195 —
525 3159 540 3209 3
560 3158 606 3209 ἐπὶ
623 3157 672 3207 τοῦ
690 3157 711 3206 Α
726 3172 772 3222 pr.,
791 3156 837 3207 ἐπὶ
854 3153 905 3221 τὴν
921 3156 957 3207 Αι
974 3185 1007 3194 -
1025 3150 1138 3205 ἐκλελοι-

70 3224 154 3279 πότος
165 3223 236 3276 Aru:
259 3238 322 3274 corr.
336 3223 419 3290 Blass‚
439 3221 644 3290 είσεληλυθότοτ
658 3222 719 3290 [τὴν
731 3227 830 3294 κρίσιν]
846 3223 983 3292 aliquando
999 3224 1030 3276 ci.
1044 3222 1138 3274 Maetz·

70 3309 124 3356 ner,
142 3287 305 3355 ἐληλυθότος
323 3292 348 3342 ἐν
365 3288 416 3355 τὴν
433 3312 473 3360 κρ.
492 3292 603 3361 Sauppe.
621 3322 654 3333 -
669 3296 688 3356 ,Ι
706 3297 752 3344 καὶ
770 3291 820 3343 del.
833 3291 925 3355 Baiter,
943 3307 1009 3344 serv.
1028 3297 1090 3342 t-
1106 3282 1138 3340 οὗ

69 3360 207 3413 κατόπται
224 3359 254 3412 Ν.
278 3388 311 3396 -
336 3351 560 3424 5ἀδικημάτων·
579 3367 597 3414 Ι.
622 3390 655 3399 -
680 3365 695 3414 6
720 3357 826 3412 δίκαιόν
844 3362 903 3412 ίστι
919 3361 1042 3425 νομίζων
1059 3359 1081 3408 Α
1099 3372 1137 3422 pr.

69 3431 149 3496 Npu,
168 3430 226 3479 ἐστι
244 3429 270 3479 iu
285 3433 394 3495 utroque
409 3442 516 3480 erasum.
535 3459 567 3467 -
584 3429 656 3490 lua
674 3423 719 3480 τόν
736 3427 805 3479 ANt:
826 3426 991 3480 coruReiske
1008 3454 1043 3464 -
1059 3428 1105 3476 καὶ
1122 3418 1137 3474 ό

70 3493 153 3563 δῆμος
166 3491 235 3565 ὑπὲρ
250 3492 346 3563 κλήρου
360 3495 438 3562 Apu,
452 3511 516 3548 εοττ.
527 3497 569 3562 ΑΙ,
583 3498 632 3548 τοῦ
645 3497 702 3550 εδδ.
711 3497 747 3547 Α’
760 3523 793 3536 -—
808 3490 970 3547 δικόσσνταε
983 3493 1138 3554 δεΙ,ΙΙύτια,

70 3566 104 3618 cf.
122 3564 181 3632 Lys.
198 3563 227 3625 ΙΙ,
245 3566 290 3624 79,
311 3579 376 3616 serv.
395 3569 417 3626 t,
435 3561 474 3614 σίν
582 3559 693 3617 δικάσαι
710 3564 822 3631 Sauppe,
840 3557 884 3615 οότ
977 3557 1139 3613 δικόσοντατ

69 3635 202 3698 ἐπέστησε
221 3630 322 3694 Reiske‚
340 3631 372 3682 σί.
386 3632 477 3684 Aescu.
492 3631 510 3694 Ι,
525 3635 549 3683 7.
566 3661 599 3670 -
618 3637 632 3686 3
651 3634 802 3702 ἐπέτριψεν
819 3630 841 3682 N
862 3661 893 3670 -
912 3628 1077 3699 φείσασθεΑ
1090 3643 1138 3693 pr„

69 3716 135 3754 carr.
152 3700 195 3752 Αἱ.
218 3729 252 3738 -
275 3699 367 3751 arur
385 3701 415 3750 ίν
431 3699 466 3770 τῇ
483 3716 512 3751 π.
532 3695 666 3752 ἁπάντων
683 3701 725 3751 ΑΙ.
746 3728 781 3739 -
804 3702 818 3753 8
837 3694 889 3751 κάν
906 3703 962 3768 τρίς
983 3697 1087 3765 Sauppe
1105 3725 1138 3733 —

68 3770 186 3821 lacunam
206 3766 337 3819 Reiskium
356 3773 457 3819 secutus
475 3767 600 3833 indicavi,
623 3768 687 3820 adde
706 3765 741 3820 ἀν
757 3763 884 3820 ἀπώλετο
906 3767 949 3817 vel
967 3766 1049 3817 simile
1067 3763 1137 3832 quid.

68 3866 101 3876 —
122 3841 138 3890 9
156 3832 239 3888 αὐτοῦ
257 3837 288 3901 Α,
306 3829 389 3886 αὖτοό
407 3841 425 3886 t.
448 3864 482 3872 -
505 3835 544 3894 17,
563 3837 577 3886 3
603 3829 649 3899 οόχ
666 3831 740 3902 όμεῖε
818 3839 858 3900 18,
876 3838 893 3887 4
914 3829 994 3901 ὑμῶν
1011 3834 1043 3885 σί.
1060 3833 1078 3900 Ι,
1098 3836 1137 3887 14.

67 3935 104 3943 —
122 3907 138 3957 6
156 3906 204 3955 τοῦ
222 3903 280 3958 add.
298 3902 333 3953 ΑΙ
350 3933 383 3942 -
401 3899 619 3970 ἐλευθερώσαντι
636 3903 682 3955 Na
700 3920 745 3970 pu,
764 3921 827 3956 corr.
847 3902 889 3957 ΔΙ.
