2668 4558
384 104 469 156 ΚΑΤΑ
488 104 773 159 ΑΡΙΣΤΟΓΕΙΤΟΝΟΣ.
1073 108 1115 166 39

17 274 90 336 zai
120 269 323 356 ἐξελεγχθεὶς
344 267 487 358 ὀφείλων
508 281 555 360 τῷ
571 274 718 360 δημοσίῳ
735 276 839 358 λέγειν
855 269 914 343 υάκ
930 276 1001 356 ἐξόν
1017 276 1115 364 αὐτῷ,

17 376 92 440 καὶ
121 374 331 454 παραδοθεὶς
351 385 423 453 τοῖς
446 371 557 442 ἕνδεκα
574 375 657 442 κατὰ
671 376 747 454 τοὺς
763 376 893 460 νόμους,
917 382 1113 460 περιπατῶν

17 477 238 557 ’ἔμπροσθεν
267 479 332 542 τῶν
362 477 578 563 δικαστηρίων
606 477 661 544 καὶ
690 477 736 556 εἷς
764 477 822 568 τήν
844 482 1024 564 προεδρίαν
1046 484 1112 548 τῶν

17 577 235 662 πρυτάνεων
258 578 410 659 ἐκάθιζεν
417 609 428 661 ,·

127 675 216 760 Εἶτ’,
240 671 266 746 ὦ
290 678 404 763 ἄνδρες
423 681 612 767 Ἀθηναῖοι,
637 679 674 748 δν
697 682 729 748 οἱ
751 682 848 765 νόμοι
869 684 928 760 μέν
950 683 1162 762 πολλάκις14

17 783 118 866 ὑμῖν
154 784 411 867 παραδεδώκασι
438 785 696 870 τιμωρήσασθαι
723 792 1011 871 κατεψηφισμένον
1041 784 1108 854 ὑπό

17 879 104 952 ἐῶν
130 887 289 963 πολιτῶν,
314 885 587 968 ἐνδειχθέντα
611 884 757 971 φυλάξαι
779 885 811 951 δ’
836 885 918 952 οὔθ’
942 888 975 953 οἱ
997 888 1110 956 ένδεκα

17 986 236 1072 δεδύνηνται
258 985 333 1054 οάτε
353 986 392 1053 τό
416 986 648 1073 δεσμωτήριον,
673 987 779 1074 τούτῳ
801 987 1010 1074 βουλήσεσθε
1030 1014 1111 1073 συμ-

17 1087 152 1176 βούλῳ
173 1091 337 1174 χρῆσθαι,
371 1091 425 1154 καί
455 1086 472 1154 ὁ
501 1088 560 1171 μέν
590 1088 689 1172 νόμος
713 1084 887 1172 εὐξάμενον
909 1089 1032 1158 κελεύει
1053 1089 1110 1157 τόν

17 1193 165 1276 κήρυκα
186 1189 262 1273 μετ’
281 1189 444 1277 εὐφημίας
464 1192 600 1274 πολλῆς,
623 1188 729 1270 οὕτως
744 1185 820 1275 άμῖν
836 1193 874 1258 τό
890 1192 1113 1277 βουλεύεσθαι

18 1297 115 1378 περὶ
140 1296 206 1358 τῶν
229 1293 432 1378 πραγμάτων
454 1295 697 1378 παραδιδόναι·
723 1289 816 1377 ὑμεῖς
839 1295 875 1362 δέ
897 1294 953 1360 τὸν
976 1294 1111 1362 ἀνόσιον

21 1401 86 1464 καὶ
122 1398 201 1478 περὶ
231 1393 360 1474 πάντας
382 1394 526 1481 πονηρόν
555 1399 609 1463 καὶ
639 1397 784 1478 μάλιστα
812 1397 892 1480 περὶ
914 1398 971 1465 τὸν
993 1399 1110 1466 ἑαυτοῦ

23 1505 170 1581 πατέρα
204 1504 431 1584 γεγεννημένον,
466 1507 583 1564 τοῦτον
617 1496 702 1581 μεθ’
731 1495 823 1582 ὑμῶν
853 1499 908 1566 καὶ
935 1501 1018 1583 μετόι
1045 1509 1110 1568 τῶν

23 1602 204 1684 ὑμετέρων
227 1601 354 1668 οἰκείων
376 1603 431 1667 καί
455 1608 613 1685 συγγενῶν
637 1601 750 1668 ἐάσετε
771 1601 1031 1686 πολιτεύεσθαις
1056 1607 1109 1670 καὶ
1122 1615 1162 1675 15

25 1704 181 1790 Δημάδη
210 1706 270 1785 μέν
298 1705 352 1769 καὶ
381 1708 594 1789 Δημοσθένει
622 1697 777 1784 οὐδεμίαν
808 1700 916 1788 ᾤεσθε
943 1707 1011 1774 δεῖν
1034 1729 1111 1789 συγ-

17 1807 170 1892 γνώμην
194 1807 287 1886 έχειν,
315 1800 367 1871 ότι
389 1806 479 1888 δῶρα
501 1798 582 1870 καθ’
609 1800 698 1888 ὑμῶν
721 1804 961 1890 ἐξηλέγχθησαν
984 1805 1111 1888 λαμβά-

17 1895 159 1988 λνυντες,
184 1901 258 1974 ἀλλ’
278 1905 545 1993 ἐτιμωρήσασθε,
568 1909 620 1973 καὶ
638 1907 782 1988 δικαίως,
806 1901 856 1985 οἷς
879 1906 908 1973 εἰ
929 1906 975 1994 μὴ
999 1907 1109 1974 πάντα

17 2008 127 2076 ιάλλά
154 2009 264 2076 πολλά
291 2035 328 2094 γε
357 2006 513 2076 σάνιστε
538 2008 684 2096 χρήσιμα
710 2008 1021 2091 πεπολιτευμένοις·
1051 2007 1109 2076 τόν
1202 2049 1205 2055 -

31 2113 74 2178 δὲ
111 2112 291 2194 κατάρατον
321 2119 456 2190 τοῦτον,
493 2109 529 2190 ὃς
562 2108 703 2194 ἀγαθὸν·
719 2112 778 2194 μέν
812 2106 896 2192 ὑμᾶς
928 2117 1108 2196 πεποίηκεν

32 2213 118 2282 οὐδὲ
141 2214 281 2280 πώποτε
304 2214 339 2293 έξ
360 2207 398 2279 οὗ
421 2212 507 2297 πρὸς
524 2212 584 2300 τὴν
604 2211 609 2300 Ι
628 2212 728 2280 πόλιν
743 2211 986 2301 προσελήλυθε,
1010 2213 1107 2281 κακόν
1118 2229 1160 2281 107

34 2316 69 2382 δ’
99 2313 117 2382 ό
140 2343 173 2384 τι
197 2316 335 2394 δυνατός
357 2317 465 2394 ἐστιν,
496 2314 660 2403 διψήσεως
689 2315 744 2382 καὶ
766 2314 816 2393 τίς
838 2310 896 2382 οόκ
919 2309 957 2381 όν
981 2315 1109 2400 έγκαλέ-

32 2443 125 2486 σειεν
155 2416 232 2501 ὑμῖν
259 2431 331 2496 τοῖς
353 2425 469 2483 τοῦτον
492 2420 767 2502 προςδεχομένοις
790 2417 994 2500 σόμβουλον;
1029 2415 1108 2485 ὅταν

31 2522 99 2606 γὰρ
132 2518 313 2602 άνθρωπος
342 2520 518 2604 γνώριμον
554 2522 607 2587 καὶ
637 2520 796 2605 φανεράν
826 2523 880 2585 καί
908 2517 1107 2604 περιβόητον

30 2623 94 2708 τὴν
118 2629 281 2711 πονηρίαν
304 2623 396 2704 παρά
418 2626 505 2690 πᾶσι
527 2633 598 2699 τοῖς
621 2623 775 2699 πολίταις
798 2623 878 2702 έχων
901 2620 935 2688 ἐν
958 2619 1032 2704 ὑμῖν
1049 2622 1107 2704 δη-

32 2729 174 2813 μηγορῇ,
197 2725 273 2793 τότε
294 2723 371 2804 τυός
394 2720 571 2802 άκοόοντας
593 2721 677 2803 ὑμᾶς
700 2723 733 2789 ολ
753 2720 1002 2809 περιεστηκότες
1016 2729 1107 2789 θαυ-

31 2831 200 2910 μάσουσι,
235 2828 376 2910 πότερον
404 2828 554 2910 βελτίους
585 2824 643 2893 οὐκ
672 2826 759 2909 έχετε
782 2823 986 2910 συμβούλους
1007 2822 1028 2913 ἢ
1051 2827 1105 2892 καί

31 2941 167 3018 χαίρετε
193 2933 258 2996 τῶν
286 2931 445 2998 τοιυότων
475 2927 658 3007 ἀκούοντες.
701 2928 760 3016 χρὴ
783 2929 834 3008 δέ,
864 2912 891 2994 τά
915 2925 1155 3014 Ἀθηναῖοι,16

31 3055 240 3065 ------

102 3102 150 3167 13,
167 3106 184 3155 4
202 3106 261 3168 post
278 3096 463 3172 δικαστηρίων
474 3099 583 3154 Reiskio
601 3099 691 3151 deesse
708 3098 809 3151 videtur
828 3095 852 3151 ὦ
875 3099 913 3165 θη
931 3099 973 3151 vel
989 3099 1103 3168 ἑωρᾶτο,

32 3172 106 3236 ηεαδ
125 3187 178 3222 non
196 3186 269 3237 opus,
287 3171 309 3221 si
327 3185 406 3236 prope
425 3171 507 3223 forum
525 3169 616 3222 iudicia
636 3173 760 3220 erant.-
777 3185 844 3234 προσ
863 3172 938 3235 ρείαν
955 3167 1000 3219 ΝΔ
1013 3184 1059 3234 ηε,
1077 3169 1104 3220 in

31 3240 52 3289 A
71 3255 163 3292 rasura
182 3254 246 3291 corr.
269 3267 302 3276 -
323 3234 375 3300 τὴν
392 3255 472 3305 πρντ.
490 3239 525 3301 N,
548 3233 674 3302 τὴντῶν
691 3252 771 3303 πρυτ.
789 3237 820 3288 ci.
835 3235 921 3299 Blass,
944 3236 975 3287 εί.
994 3235 1012 3286 G
1035 3253 1060 3302 p.
1079 3239 1104 3289 8.

32 3334 64 3345 ·-
83 3313 100 3361 5
121 3305 278 3377 ἐγκαθίζων
296 3306 327 3358 εἰ.
345 3304 445 3359 Reiske.
464 3305 557 3370 -14,
576 3307 591 3357 3
608 3299 797 3366 διδαχθέντετε
816 3319 878 3356 corr.
897 3303 962 3367 Md„
985 3311 1045 3369 post
1059 3305 1102 3354 έν-

32 3369 186 3440 δειχθέντα
204 3374 306 3427 distinx.
325 3379 347 3434 t,
371 3376 609 3443 κατεψηφισμένον
630 3366 695 3440 (δ’)
718 3364 773 3424 άπὸ
795 3370 854 3423 τῶν
876 3366 999 3424 πολιτῶν
1016 3365 1102 3434 ἀπαχ-

32 3441 125 3495 θέντα
181 3438 261 3504 λάξαι
277 3436 344 3494 οὔθ’
364 3442 395 3494 εἰ.
414 3440 530 3509 Sauppe,
563 3439 625 3510 καί)
641 3437 787 3504 εἱρχθέντα
804 3439 945 3520 Εηιρετίιιε,
962 3436 1042 3557 ξολ)
1059 3433 1101 3488 δε-

33 3509 125 3562 θέντα
166 3512 218 3563 Ιιεε
239 3541 274 3550 -
296 3509 323 3562 οἱ
344 3512 439 3562 έν....
458 3507 481 3561 Ν
499 3525 549 3576 pn,
574 3524 638 3562 corr.
656 3507 699 3559 N¹.
723 3537 755 3545 -
779 3510 794 3559 5
816 3502 957 3573 εὐξαμενοε
998 3543 1005 3556 .
1028 3533 1061 3543 -
1084 3508 1100 3558 6

32 3577 159 3642 βουλεσθ
182 3579 272 3645 Apu,
296 3595 359 3631 corr.
382 3579 425 3629 ΑΙ.
446 3606 481 3617 -
503 3579 547 3642 15,
571 3580 586 3630 3
608 3572 808 3644 έξιλέγχθησαν
833 3576 863 3627 Ν.
887 3603 920 3612 -
944 3577 959 3626 5
983 3573 1101 3642 συνῇστε

33 3643 152 3712 Hirschig
170 3677 203 3687 -
221 3645 435 3714 πολιτευομένοις
446 3644 488 3697 At.
506 3674 540 3684 -
559 3648 574 3698 6
592 3641 723 3696 οὐδέποτε
739 3648 886 3707 πεποίηκεν
898 3641 929 3705 N,
945 3638 1024 3694 οὐδέν
1041 3634 1101 3723 ποό-

34 3731 102 3766 νιοτε
120 3715 217 3769 Wurm.
239 3745 273 3755 -
296 3719 310 3767 Ἰ
329 3711 470 3769 πολιτείαν
487 3713 545 3764 Ald.
563 3718 580 3764 λ
599 3742 632 3750 -
650 3716 666 3765 9
685 3707 837 3778 δεχομένοις
855 3711 895 3761 At.
918 3738 951 3748 —
975 3713 1005 3764 10
1028 3727 1101 3778 γνω-

35 3798 109 3896 Sauos
130 3786 176 3834 καί
200 3781 314 3853 φανερὸς
330 3783 401 3834 ANt:
425 3797 488 3834 corr.
507 3780 608 3832 Reiske.
633 3809 667 3819 -
693 3783 723 3834 11
743 3782 773 3831 έν
792 3771 855 3845 ὑμῖν
878 3794 928 3833 om.
947 3777 987 3830 At.
1009 3806 1044 3817 -
1069 3781 1101 3831 12

59 3849 207 3918 αυμάζουσι
221 3851 265 3904 Μί.
284 3881 317 3890 -
337 3852 368 3904 13
387 3845 491 3919 πότερα
503 3848 533 3902 Ν.
552 3877 585 3888 -
604 3851 637 3903 14
653 3845 704 3900 τόν
720 3848 847 3900 τοιοῦτον
864 3846 895 3900 Ν.
