<?xml version="1.0" encoding="UTF-8"?>
<!DOCTYPE html PUBLIC "-//W3C//DTD XHTML 1.0 Transitional//EN"
    "http://www.w3.org/TR/xhtml1/DTD/xhtml1-transitional.dtd">
<html xmlns="http://www.w3.org/1999/xhtml" xml:lang="en" lang="en">
 <head>
  <title>
</title>
<meta http-equiv="Content-Type" content="text/html;charset=utf-8" />
  <meta name='ocr-system' content='tesseract 3.04.00' />
  <meta name='ocr-capabilities' content='ocr_page ocr_carea ocr_par ocr_line ocrx_word'/>
</head>
<body>
  <div class='ocr_page' id='page_1' title='image "./dinarchioration02dinagoog_0048.png"; bbox 0 0 2668 4558; ppageno 0'>
   <div class='ocr_carea' id='block_1_1' title="bbox 385 87 1147 200">
    <p class='ocr_par' dir='ltr' id='par_1_1' title="bbox 385 87 1147 200">
     <span class='ocr_line' id='line_1_1' title="bbox 385 87 1147 200; baseline 0.012 -29"><span class='ocrx_word' id='word_1_1' title='bbox 385 119 469 172; x_wconf 76' lang='grc' dir='ltr'><em>κετε</em></span> <span class='ocrx_word' id='word_1_2' title='bbox 485 87 770 174; x_wconf 72' lang='grc' dir='ltr'><em>κειττοεειτοκοε</em></span> <span class='ocrx_word' id='word_1_3' title='bbox 1077 119 1116 180; x_wconf 84' lang='lat'><em>37</em></span> <span class='ocrx_word' id='word_1_4' title='bbox 1144 176 1147 200; x_wconf 76' lang='grc'><em>,</em></span> 
     </span>
    </p>
   </div>
   <div class='ocr_carea' id='block_1_2' title="bbox 14 284 1172 2932">
    <p class='ocr_par' dir='ltr' id='par_1_2' title="bbox 14 284 1172 2932">
     <span class='ocr_line' id='line_1_2' title="bbox 14 284 1154 376; baseline 0.006 -24"><span class='ocrx_word' id='word_1_5' title='bbox 14 295 15 314; x_wconf 75' lang='lat'>³</span> <span class='ocrx_word' id='word_1_6' title='bbox 35 313 109 353; x_wconf 90' lang='grc' dir='ltr'><em>των</em></span> <span class='ocrx_word' id='word_1_7' title='bbox 144 287 225 352; x_wconf 85' lang='grc' dir='ltr'><em>κατὰ</em></span> <span class='ocrx_word' id='word_1_8' title='bbox 251 293 317 353; x_wconf 83' lang='grc' dir='ltr'><em>τών</em></span> <span class='ocrx_word' id='word_1_9' title='bbox 339 284 407 353; x_wconf 83' lang='grc' dir='ltr'><em>ἀπό</em></span> <span class='ocrx_word' id='word_1_10' title='bbox 428 295 488 374; x_wconf 79' lang='grc' dir='ltr'><em>τῆς</em></span> <span class='ocrx_word' id='word_1_11' title='bbox 509 287 630 373; x_wconf 83' lang='grc' dir='ltr'><em>βουλῆς</em></span> <span class='ocrx_word' id='word_1_12' title='bbox 653 285 957 374; x_wconf 85' lang='grc' dir='ltr'><em>ἀποπεφασμένων.</em></span> <span class='ocrx_word' id='word_1_13' title='bbox 1000 287 1035 356; x_wconf 85' lang='grc' dir='ltr'><em>τό</em></span> <span class='ocrx_word' id='word_1_14' title='bbox 1056 291 1154 376; x_wconf 86' lang='grc' dir='ltr'><em>γάρ6</em></span> 
     </span>
     <span class='ocr_line' id='line_1_3' title="bbox 14 383 1119 478; baseline 0.005 -24"><span class='ocrx_word' id='word_1_15' title='bbox 14 439 15 478; x_wconf 40' lang='grc' dir='ltr'><em>η</em></span> <span class='ocrx_word' id='word_1_16' title='bbox 36 387 196 474; x_wconf 84' lang='grc' dir='ltr'><em>ἀγνοεῖτε</em></span> <span class='ocrx_word' id='word_1_17' title='bbox 219 383 303 455; x_wconf 54' lang='lat' dir='ltr'><em>deb*</em></span> <span class='ocrx_word' id='word_1_18' title='bbox 327 390 444 456; x_wconf 75' lang='grc' dir='ltr'><em>δεῖσθε</em></span> <span class='ocrx_word' id='word_1_19' title='bbox 466 389 570 474; x_wconf 86' lang='grc' dir='ltr'><em>λόγων</em></span> <span class='ocrx_word' id='word_1_20' title='bbox 593 384 722 456; x_wconf 79' lang='grc' dir='ltr'><em>ἀκούειν</em></span> <span class='ocrx_word' id='word_1_21' title='bbox 746 388 828 456; x_wconf 83' lang='grc' dir='ltr'><em>κατά</em></span> <span class='ocrx_word' id='word_1_22' title='bbox 849 398 909 456; x_wconf 79' lang='grc' dir='ltr'><em>τοῦ</em></span> <span class='ocrx_word' id='word_1_23' title='bbox 932 393 988 457; x_wconf 82' lang='grc' dir='ltr'><em>νόν</em></span> <span class='ocrx_word' id='word_1_24' title='bbox 1011 416 1119 473; x_wconf 80' lang='grc' dir='ltr'><em>κρινο-</em></span> 
     </span>
     <span class='ocr_line' id='line_1_4' title="bbox 37 485 1118 580; baseline 0.004 -24"><span class='ocrx_word' id='word_1_25' title='bbox 37 495 167 574; x_wconf 72' lang='grc' dir='ltr'><em>μένους</em></span> <span class='ocrx_word' id='word_1_26' title='bbox 188 485 308 574; x_wconf 80' lang='grc' dir='ltr'><strong><em>πότερ’</em></strong></span> <span class='ocrx_word' id='word_1_27' title='bbox 332 487 351 576; x_wconf 86' lang='grc' dir='ltr'><em>ή</em></span> <span class='ocrx_word' id='word_1_28' title='bbox 373 499 437 578; x_wconf 80' lang='grc' dir='ltr'><em>τῆς·</em></span> <span class='ocrx_word' id='word_1_29' title='bbox 453 494 576 578; x_wconf 81' lang='grc' dir='ltr'><em>βουλῆς</em></span> <span class='ocrx_word' id='word_1_30' title='bbox 597 489 782 577; x_wconf 88' lang='grc' dir='ltr'><em>ἀπόφασις,</em></span> <span class='ocrx_word' id='word_1_31' title='bbox 807 492 862 559; x_wconf 87' lang='grc' dir='ltr'><em>έάν</em></span> <span class='ocrx_word' id='word_1_32' title='bbox 884 493 944 575; x_wconf 80' lang='grc' dir='ltr'><em>μὲν</em></span> <span class='ocrx_word' id='word_1_33' title='bbox 966 489 1063 580; x_wconf 80' lang='grc' dir='ltr'><em>ἡμεῖς</em></span> <span class='ocrx_word' id='word_1_34' title='bbox 1085 494 1118 560; x_wconf 82' lang='grc' dir='ltr'><em>οἱ</em></span> 
     </span>
     <span class='ocr_line' id='line_1_5' title="bbox 36 588 1119 679; baseline 0.002 -19"><span class='ocrx_word' id='word_1_35' title='bbox 36 593 223 679; x_wconf 85' lang='grc' dir='ltr'><em>κατήγοροι</em></span> <span class='ocrx_word' id='word_1_36' title='bbox 246 592 324 661; x_wconf 82' lang='grc' dir='ltr'><em>δέκα</em></span> <span class='ocrx_word' id='word_1_37' title='bbox 346 590 437 671; x_wconf 87' lang='grc' dir='ltr'><em>όντες</em></span> <span class='ocrx_word' id='word_1_38' title='bbox 456 593 495 659; x_wconf 89' lang='grc' dir='ltr'><em>τό</em></span> <span class='ocrx_word' id='word_1_39' title='bbox 512 589 600 678; x_wconf 81' lang='grc' dir='ltr'><em>όδωρ</em></span> <span class='ocrx_word' id='word_1_40' title='bbox 617 588 838 678; x_wconf 81' lang='grc' dir='ltr'><em>ἀναλώσωμεν</em></span> <span class='ocrx_word' id='word_1_41' title='bbox 854 590 945 661; x_wconf 84' lang='grc' dir='ltr'><em>ἀπαν</em></span> <span class='ocrx_word' id='word_1_42' title='bbox 968 594 1023 662; x_wconf 88' lang='grc' dir='ltr'><em>καί</em></span> <span class='ocrx_word' id='word_1_43' title='bbox 1038 593 1119 662; x_wconf 88' lang='grc' dir='ltr'><em>ἀνα-</em></span> 
     </span>
     <span class='ocr_line' id='line_1_6' title="bbox 37 690 1119 785; baseline 0.001 -22"><span class='ocrx_word' id='word_1_44' title='bbox 37 693 221 785; x_wconf 88' lang='grc' dir='ltr'><em>βοήσωμεν</em></span> <span class='ocrx_word' id='word_1_45' title='bbox 259 693 305 774; x_wconf 84' lang='grc' dir='ltr'><em>ώς</em></span> <span class='ocrx_word' id='word_1_46' title='bbox 341 694 449 762; x_wconf 89' lang='grc' dir='ltr'><em>δεινόν</em></span> <span class='ocrx_word' id='word_1_47' title='bbox 485 693 574 763; x_wconf 80' lang='grc' dir='ltr'><em>ἐστιν</em></span> <span class='ocrx_word' id='word_1_48' title='bbox 604 690 771 781; x_wconf 73' lang='grc' dir='ltr'><em>ἀφεῖσθαι</em></span> <span class='ocrx_word' id='word_1_49' title='bbox 798 694 876 776; x_wconf 80' lang='grc' dir='ltr'><em>τούς</em></span> <span class='ocrx_word' id='word_1_50' title='bbox 907 697 1119 782; x_wconf 78' lang='grc' dir='ltr'><em>εἰλημμένους</em></span> 
     </span>
     <span class='ocr_line' id='line_1_7' title="bbox 39 795 1119 889; baseline 0.001 -24"><span class='ocrx_word' id='word_1_51' title='bbox 39 802 183 883; x_wconf 74' lang='grc' dir='ltr'><em>ἔχοντας</em></span> <span class='ocrx_word' id='word_1_52' title='bbox 205 795 264 865; x_wconf 77' lang='grc' dir='ltr'><em>ἀπ’</em></span> <span class='ocrx_word' id='word_1_53' title='bbox 289 795 475 884; x_wconf 80' lang='grc' dir='ltr'><em>αὐτοφώρῳ</em></span> <span class='ocrx_word' id='word_1_54' title='bbox 498 799 589 881; x_wconf 84' lang='grc' dir='ltr'><em>δῶρα</em></span> <span class='ocrx_word' id='word_1_55' title='bbox 609 799 691 863; x_wconf 83' lang='grc' dir='ltr'><em>κατὰ</em></span> <span class='ocrx_word' id='word_1_56' title='bbox 713 806 771 884; x_wconf 76' lang='grc' dir='ltr'><em>τῆς</em></span> <span class='ocrx_word' id='word_1_57' title='bbox 792 801 963 881; x_wconf 78' lang='grc' dir='ltr'><em>πατρίδος,</em></span> <span class='ocrx_word' id='word_1_58' title='bbox 990 798 1119 889; x_wconf 68' lang='grc' dir='ltr'><em>ἀληθής</em></span> 
     </span>
     <span class='ocr_line' id='line_1_8' title="bbox 38 895 1154 990; baseline 0 -22"><span class='ocrx_word' id='word_1_59' title='bbox 38 906 93 968; x_wconf 85' lang='grc' dir='ltr'><em>καί</em></span> <span class='ocrx_word' id='word_1_60' title='bbox 124 899 238 967; x_wconf 86' lang='grc' dir='ltr'><em>δικαία</em></span> <span class='ocrx_word' id='word_1_61' title='bbox 259 896 278 985; x_wconf 82' lang='grc' dir='ltr'><em>ἦ</em></span> <span class='ocrx_word' id='word_1_62' title='bbox 301 897 385 967; x_wconf 84' lang='grc' dir='ltr'><em>κατά</em></span> <span class='ocrx_word' id='word_1_63' title='bbox 406 897 686 984; x_wconf 83' lang='grc' dir='ltr'><em>Ἀριστογείτονος</em></span> <span class='ocrx_word' id='word_1_64' title='bbox 711 901 804 967; x_wconf 80' lang='grc' dir='ltr'><em>έσται</em></span> <span class='ocrx_word' id='word_1_65' title='bbox 827 895 1038 990; x_wconf 89' lang='grc' dir='ltr'><em>[ἀπόφασις],</em></span> <span class='ocrx_word' id='word_1_66' title='bbox 1062 901 1154 969; x_wconf 74' lang='grc' dir='ltr'><em>έάνῖ</em></span> 
     </span>
     <span class='ocr_line' id='line_1_9' title="bbox 42 997 1119 1091; baseline 0 -22"><span class='ocrx_word' id='word_1_67' title='bbox 42 1004 74 1069; x_wconf 79' lang='grc' dir='ltr'><em>δ’</em></span> <span class='ocrx_word' id='word_1_68' title='bbox 103 1004 244 1081; x_wconf 71' lang='grc' dir='ltr'><em>ἕκαστος</em></span> <span class='ocrx_word' id='word_1_69' title='bbox 265 997 374 1090; x_wconf 80' lang='grc' dir='ltr'><em>ήμῶν,</em></span> <span class='ocrx_word' id='word_1_70' title='bbox 404 997 448 1084; x_wconf 77' lang='grc' dir='ltr'><em>ᾦς</em></span> <span class='ocrx_word' id='word_1_71' title='bbox 478 1001 614 1069; x_wconf 78' lang='grc' dir='ltr'><em>εἰδότων</em></span> <span class='ocrx_word' id='word_1_72' title='bbox 643 1001 734 1086; x_wconf 78' lang='grc' dir='ltr'><em>ὑμῶν</em></span> <span class='ocrx_word' id='word_1_73' title='bbox 763 1001 873 1068; x_wconf 85' lang='grc' dir='ltr'><em>πάντα</em></span> <span class='ocrx_word' id='word_1_74' title='bbox 902 998 1119 1091; x_wconf 83' lang='grc' dir='ltr'><em>οάδὲνήττον</em></span> 
     </span>
     <span class='ocr_line' id='line_1_10' title="bbox 41 1099 1119 1192; baseline 0 -20"><span class='ocrx_word' id='word_1_75' title='bbox 41 1104 140 1192; x_wconf 77' lang='grc' dir='ltr'><em>ἡμῶν</em></span> <span class='ocrx_word' id='word_1_76' title='bbox 163 1103 206 1172; x_wconf 83' lang='grc' dir='ltr'><em>τά</em></span> <span class='ocrx_word' id='word_1_77' title='bbox 229 1106 340 1172; x_wconf 89' lang='grc' dir='ltr'><em>δίκαια</em></span> <span class='ocrx_word' id='word_1_78' title='bbox 362 1107 440 1188; x_wconf 83' lang='grc' dir='ltr'><em>περὶ</em></span> <span class='ocrx_word' id='word_1_79' title='bbox 463 1105 602 1173; x_wconf 85' lang='grc' dir='ltr'><em>τουτωνὶ</em></span> <span class='ocrx_word' id='word_1_80' title='bbox 624 1107 688 1172; x_wconf 82' lang='grc' dir='ltr'><em>τῶν</em></span> <span class='ocrx_word' id='word_1_81' title='bbox 711 1099 855 1190; x_wconf 92' lang='grc' dir='ltr'><em>ἀγώνων,</em></span> <span class='ocrx_word' id='word_1_82' title='bbox 878 1111 999 1191; x_wconf 79' lang='grc' dir='ltr'><em>βραχέα</em></span> <span class='ocrx_word' id='word_1_83' title='bbox 1013 1105 1119 1172; x_wconf 85' lang='grc' dir='ltr'><em>εἰπών</em></span> 
     </span>
     <span class='ocr_line' id='line_1_11' title="bbox 44 1202 1172 1294; baseline -0.006 -18"><span class='ocrx_word' id='word_1_84' title='bbox 44 1209 181 1294; x_wconf 78' lang='grc' dir='ltr'><em>καταβῇ,</em></span> <span class='ocrx_word' id='word_1_85' title='bbox 203 1206 209 1292; x_wconf 91' lang='grc' dir='ltr'>Ι</span> <span class='ocrx_word' id='word_1_86' title='bbox 228 1207 364 1294; x_wconf 80' lang='grc' dir='ltr'><em>ψευδής,</em></span> <span class='ocrx_word' id='word_1_87' title='bbox 387 1209 440 1273; x_wconf 88' lang='grc' dir='ltr'><em>καί</em></span> <span class='ocrx_word' id='word_1_88' title='bbox 464 1202 509 1272; x_wconf 83' lang='grc' dir='ltr'><em>οὗ</em></span> <span class='ocrx_word' id='word_1_89' title='bbox 533 1208 708 1285; x_wconf 81' lang='grc' dir='ltr'><em>δικαίως</em></span> <span class='ocrx_word' id='word_1_90' title='bbox 730 1207 824 1292; x_wconf 90' lang='grc' dir='ltr'><em>παρὰ</em></span> <span class='ocrx_word' id='word_1_91' title='bbox 837 1211 903 1274; x_wconf 87' lang='grc' dir='ltr'><em>τών</em></span> <span class='ocrx_word' id='word_1_92' title='bbox 922 1206 1119 1294; x_wconf 84' lang='grc' dir='ltr'><em>Ἀρεοπαγι-</em></span> <span class='ocrx_word' id='word_1_93' title='bbox 1129 1219 1172 1270; x_wconf 79' lang='lat'><em>106</em></span> 
     </span>
     <span class='ocr_line' id='line_1_12' title="bbox 46 1300 1119 1396; baseline -0.001 -20"><span class='ocrx_word' id='word_1_94' title='bbox 46 1314 110 1376; x_wconf 82' lang='grc' dir='ltr'><em>τῶν</em></span> <span class='ocrx_word' id='word_1_95' title='bbox 134 1313 327 1395; x_wconf 87' lang='grc' dir='ltr'><em>γεγενημένη</em></span> <span class='ocrx_word' id='word_1_96' title='bbox 334 1337 346 1391; x_wconf 91' lang='grc'><em>,·</em></span> <span class='ocrx_word' id='word_1_97' title='bbox 369 1300 389 1394; x_wconf 81' lang='grc' dir='ltr'><em>ἢ</em></span> <span class='ocrx_word' id='word_1_98' title='bbox 411 1305 449 1374; x_wconf 91' lang='grc' dir='ltr'><em>τό</em></span> <span class='ocrx_word' id='word_1_99' title='bbox 473 1309 563 1393; x_wconf 83' lang='grc' dir='ltr'><em>δῶρα</em></span> <span class='ocrx_word' id='word_1_100' title='bbox 585 1308 763 1395; x_wconf 82' lang='grc' dir='ltr'><em>λαμβάνειν</em></span> <span class='ocrx_word' id='word_1_101' title='bbox 787 1309 844 1376; x_wconf 79' lang='grc' dir='ltr'><em>ἐπὶ</em></span> <span class='ocrx_word' id='word_1_102' title='bbox 867 1311 1034 1396; x_wconf 80' lang='grc' dir='ltr'><em>προδοσίᾳ</em></span> <span class='ocrx_word' id='word_1_103' title='bbox 1055 1311 1119 1375; x_wconf 86' lang='grc' dir='ltr'><em>τῶν</em></span> 
     </span>
     <span class='ocr_line' id='line_1_13' title="bbox 47 1406 1120 1496; baseline -0.002 -18"><span class='ocrx_word' id='word_1_104' title='bbox 47 1414 102 1490; x_wconf 68' lang='grc' dir='ltr'><em>τός</em></span> <span class='ocrx_word' id='word_1_105' title='bbox 132 1409 266 1488; x_wconf 91' lang='grc' dir='ltr'><em>πόλεως</em></span> <span class='ocrx_word' id='word_1_106' title='bbox 296 1407 531 1496; x_wconf 87' lang='grc' dir='ltr'><em>συμφερόντων</em></span> <span class='ocrx_word' id='word_1_107' title='bbox 560 1409 617 1478; x_wconf 83' lang='grc' dir='ltr'><em>οὔκ</em></span> <span class='ocrx_word' id='word_1_108' title='bbox 646 1406 725 1478; x_wconf 73' lang='grc' dir='ltr'><em>ἴσθ’</em></span> <span class='ocrx_word' id='word_1_109' title='bbox 751 1408 803 1479; x_wconf 85' lang='grc' dir='ltr'><em>ότι</em></span> <span class='ocrx_word' id='word_1_110' title='bbox 832 1419 898 1479; x_wconf 88' lang='grc' dir='ltr'><em>τών</em></span> <span class='ocrx_word' id='word_1_111' title='bbox 922 1410 1120 1478; x_wconf 83' lang='grc' dir='ltr'><em>δεινοτάτων</em></span> 
     </span>
     <span class='ocr_line' id='line_1_14' title="bbox 14 1511 1039 1600; baseline 0 -20"><span class='ocrx_word' id='word_1_112' title='bbox 14 1527 15 1530; x_wconf 76' lang='grc'>’</span> <span class='ocrx_word' id='word_1_113' title='bbox 52 1513 117 1580; x_wconf 70' lang='grc' dir='ltr'><em>ἐστὶ</em></span> <span class='ocrx_word' id='word_1_114' title='bbox 140 1516 198 1581; x_wconf 86' lang='grc' dir='ltr'><em>καὶ</em></span> <span class='ocrx_word' id='word_1_115' title='bbox 220 1514 286 1580; x_wconf 89' lang='grc' dir='ltr'><em>τών</em></span> <span class='ocrx_word' id='word_1_116' title='bbox 309 1514 449 1580; x_wconf 88' lang='grc' dir='ltr'><em>πλεῖστα</em></span> <span class='ocrx_word' id='word_1_117' title='bbox 472 1511 553 1579; x_wconf 86' lang='grc' dir='ltr'><em>κακά</em></span> <span class='ocrx_word' id='word_1_118' title='bbox 576 1513 634 1591; x_wconf 84' lang='grc' dir='ltr'><em>τὰς</em></span> <span class='ocrx_word' id='word_1_119' title='bbox 657 1514 774 1594; x_wconf 87' lang='grc' dir='ltr'><em>πόλεις</em></span> <span class='ocrx_word' id='word_1_120' title='bbox 797 1514 1039 1600; x_wconf 72' lang='grc' dir='ltr'><em>ἒργαζομένωνς</em></span> 
     </span>
     <span class='ocr_line' id='line_1_15' title="bbox 14 1535 1157 1704; baseline 0.003 -26"><span class='ocrx_word' id='word_1_121' title='bbox 14 1535 17 1678; x_wconf 82' lang='grc' dir='ltr'><em>ἰ</em></span> <span class='ocrx_word' id='word_1_122' title='bbox 130 1612 228 1682; x_wconf 80' lang='grc' dir='ltr'><em>Ἀλλ’</em></span> <span class='ocrx_word' id='word_1_123' title='bbox 254 1609 352 1693; x_wconf 77' lang='grc' dir='ltr'><em>αὐτὸς</em></span> <span class='ocrx_word' id='word_1_124' title='bbox 376 1611 393 1680; x_wconf 91' lang='grc' dir='ltr'><em>ό</em></span> <span class='ocrx_word' id='word_1_125' title='bbox 416 1615 606 1701; x_wconf 88' lang='grc' dir='ltr'><em>κρινόμενος</em></span> <span class='ocrx_word' id='word_1_126' title='bbox 628 1615 666 1704; x_wconf 84' lang='grc' dir='ltr'><em>νὴ</em></span> <span class='ocrx_word' id='word_1_127' title='bbox 680 1621 749 1683; x_wconf 89' lang='grc' dir='ltr'><em>Δία</em></span> <span class='ocrx_word' id='word_1_128' title='bbox 762 1622 896 1699; x_wconf 89' lang='grc' dir='ltr'><em>μέτριος</em></span> <span class='ocrx_word' id='word_1_129' title='bbox 911 1617 967 1684; x_wconf 89' lang='grc' dir='ltr'><em>τὸν</em></span> <span class='ocrx_word' id='word_1_130' title='bbox 983 1617 1120 1701; x_wconf 91' lang='grc' dir='ltr'><em>τρόπον,</em></span> <span class='ocrx_word' id='word_1_131' title='bbox 1138 1619 1157 1682; x_wconf 92' lang='grc'>8</span> 
     </span>
     <span class='ocr_line' id='line_1_16' title="bbox 14 1712 1122 1805; baseline -0.001 -21"><span class='ocrx_word' id='word_1_132' title='bbox 14 1729 15 1756; x_wconf 66' lang='lat'>¹</span> <span class='ocrx_word' id='word_1_133' title='bbox 54 1717 103 1786; x_wconf 86' lang='grc' dir='ltr'><em>καί</em></span> <span class='ocrx_word' id='word_1_134' title='bbox 124 1717 299 1802; x_wconf 90' lang='grc' dir='ltr'><em>προγόνων</em></span> <span class='ocrx_word' id='word_1_135' title='bbox 321 1719 479 1805; x_wconf 81' lang='grc' dir='ltr'><em>χρηστῶν,</em></span> <span class='ocrx_word' id='word_1_136' title='bbox 501 1719 554 1784; x_wconf 88' lang='grc' dir='ltr'><em>καί</em></span> <span class='ocrx_word' id='word_1_137' title='bbox 578 1717 687 1782; x_wconf 81' lang='grc' dir='ltr'><em>πολλὰ</em></span> <span class='ocrx_word' id='word_1_138' title='bbox 710 1712 795 1799; x_wconf 78' lang='grc' dir='ltr'><em>ἀμᾶς</em></span> <span class='ocrx_word' id='word_1_139' title='bbox 816 1717 871 1783; x_wconf 87' lang='grc' dir='ltr'><em>καί</em></span> <span class='ocrx_word' id='word_1_140' title='bbox 895 1717 964 1805; x_wconf 79' lang='grc' dir='ltr'><em>ἰδίιγ</em></span> <span class='ocrx_word' id='word_1_141' title='bbox 987 1717 1041 1785; x_wconf 80' lang='grc' dir='ltr'><em>καὶ</em></span> <span class='ocrx_word' id='word_1_142' title='bbox 1064 1719 1122 1803; x_wconf 93' lang='grc' dir='ltr'><em>δη-</em></span> 
     </span>
     <span class='ocr_line' id='line_1_17' title="bbox 56 1813 1122 1908; baseline 0 -22"><span class='ocrx_word' id='word_1_143' title='bbox 56 1828 152 1908; x_wconf 79' lang='grc' dir='ltr'><em>μοσίᾳ</em></span> <span class='ocrx_word' id='word_1_144' title='bbox 175 1819 260 1887; x_wconf 86' lang='grc' dir='ltr'><em>καλὰ</em></span> <span class='ocrx_word' id='word_1_145' title='bbox 278 1819 498 1905; x_wconf 81' lang='grc' dir='ltr'><em>εἰργασμένος,</em></span> <span class='ocrx_word' id='word_1_146' title='bbox 522 1815 607 1886; x_wconf 82' lang='grc' dir='ltr'><em>ώστε</em></span> <span class='ocrx_word' id='word_1_147' title='bbox 623 1818 678 1885; x_wconf 89' lang='grc' dir='ltr'><em>διά</em></span> <span class='ocrx_word' id='word_1_148' title='bbox 694 1813 786 1885; x_wconf 72' lang='grc' dir='ltr'><em>τοῦτ’</em></span> <span class='ocrx_word' id='word_1_149' title='bbox 805 1816 897 1898; x_wconf 88' lang='grc' dir='ltr'><em>ἀξιόν</em></span> <span class='ocrx_word' id='word_1_150' title='bbox 914 1817 1003 1887; x_wconf 79' lang='grc' dir='ltr'><em>ἐστιν</em></span> <span class='ocrx_word' id='word_1_151' title='bbox 1020 1814 1122 1886; x_wconf 79' lang='grc' dir='ltr'><em>αὐτοῦ</em></span> 
     </span>
     <span class='ocr_line' id='line_1_18' title="bbox 61 1912 1121 2010; baseline -0.003 -21"><span class='ocrx_word' id='word_1_152' title='bbox 61 1927 242 2007; x_wconf 73' lang='grc' dir='ltr'><em>φείσασθαι</em></span> <span class='ocrx_word' id='word_1_153' title='bbox 249 1952 261 2005; x_wconf 90' lang='grc'><em>,·</em></span> <span class='ocrx_word' id='word_1_154' title='bbox 283 1922 338 1990; x_wconf 87' lang='grc' dir='ltr'><em>καὶ</em></span> <span class='ocrx_word' id='word_1_155' title='bbox 359 1929 410 2001; x_wconf 91' lang='grc' dir='ltr'><em>τίς</em></span> <span class='ocrx_word' id='word_1_156' title='bbox 431 1918 521 2005; x_wconf 79' lang='grc' dir='ltr'><em>ἀμῶν</em></span> <span class='ocrx_word' id='word_1_157' title='bbox 544 1912 582 1988; x_wconf 82' lang='grc' dir='ltr'><em>οά</em></span> <span class='ocrx_word' id='word_1_158' title='bbox 604 1920 766 2000; x_wconf 81' lang='grc' dir='ltr'><em>πολλάκις</em></span> <span class='ocrx_word' id='word_1_159' title='bbox 789 1917 923 2010; x_wconf 87' lang='grc' dir='ltr'><em>ἀκήκοεν</em></span> <span class='ocrx_word' id='word_1_160' title='bbox 947 1917 999 1988; x_wconf 86' lang='grc' dir='ltr'><em>ότι</em></span> <span class='ocrx_word' id='word_1_161' title='bbox 1020 1922 1121 1987; x_wconf 85' lang='grc' dir='ltr'><em>Κυδι-</em></span> 
     </span>
     <span class='ocr_line' id='line_1_19' title="bbox 64 2021 1122 2111; baseline -0.004 -18"><span class='ocrx_word' id='word_1_162' title='bbox 64 2025 155 2109; x_wconf 84' lang='grc' dir='ltr'><em>μάχου</em></span> <span class='ocrx_word' id='word_1_163' title='bbox 178 2026 239 2110; x_wconf 80' lang='grc' dir='ltr'><em>μὲν</em></span> <span class='ocrx_word' id='word_1_164' title='bbox 261 2028 319 2091; x_wconf 80' lang='grc' dir='ltr'><em>τοῦ</em></span> <span class='ocrx_word' id='word_1_165' title='bbox 342 2025 469 2109; x_wconf 85' lang='grc' dir='ltr'><em>πατρὸς</em></span> <span class='ocrx_word' id='word_1_166' title='bbox 484 2033 544 2091; x_wconf 81' lang='grc' dir='ltr'><em>τοῦ</em></span> <span class='ocrx_word' id='word_1_167' title='bbox 556 2023 840 2111; x_wconf 80' lang='grc' dir='ltr'><em>Ἀριστογείτονος</em></span> <span class='ocrx_word' id='word_1_168' title='bbox 855 2021 1006 2090; x_wconf 72' lang='grc' dir='ltr'><em>θανάτου</em></span> <span class='ocrx_word' id='word_1_169' title='bbox 1020 2049 1122 2090; x_wconf 90' lang='grc' dir='ltr'><em>κατα-</em></span> 
     </span>
     <span class='ocr_line' id='line_1_20' title="bbox 14 2123 1122 2215; baseline -0.001 -22"><span class='ocrx_word' id='word_1_170' title='bbox 14 2123 15 2158; x_wconf 45' lang='grc' dir='ltr'><em>ἰ</em></span> <span class='ocrx_word' id='word_1_171' title='bbox 71 2133 260 2208; x_wconf 77' lang='grc' dir='ltr'><em>γνωσθέντος</em></span> <span class='ocrx_word' id='word_1_172' title='bbox 281 2129 335 2194; x_wconf 87' lang='grc' dir='ltr'><em>καὶ</em></span> <span class='ocrx_word' id='word_1_173' title='bbox 358 2126 521 2215; x_wconf 90' lang='grc' dir='ltr'><em>φυγόντος</em></span> <span class='ocrx_word' id='word_1_174' title='bbox 543 2127 578 2194; x_wconf 80' lang='grc' dir='ltr'><em>ἐκ</em></span> <span class='ocrx_word' id='word_1_175' title='bbox 596 2126 715 2214; x_wconf 80' lang='grc' dir='ltr'><em>ταύτης</em></span> <span class='ocrx_word' id='word_1_176' title='bbox 730 2135 787 2212; x_wconf 80' lang='grc' dir='ltr'><em>τῆς</em></span> <span class='ocrx_word' id='word_1_177' title='bbox 803 2128 933 2205; x_wconf 90' lang='grc' dir='ltr'><em>πόλεως</em></span> <span class='ocrx_word' id='word_1_178' title='bbox 950 2124 1122 2214; x_wconf 89' lang='grc' dir='ltr'><em>όχρηστός</em></span> 
     </span>
     <span class='ocr_line' id='line_1_21' title="bbox 73 2216 1122 2315; baseline 0.006 -23"><span class='ocrx_word' id='word_1_179' title='bbox 73 2221 149 2310; x_wconf 77' lang='grc' dir='ltr'><em>οὗτος</em></span> <span class='ocrx_word' id='word_1_180' title='bbox 176 2230 249 2309; x_wconf 82' lang='grc' dir='ltr'><em>υἱός</em></span> <span class='ocrx_word' id='word_1_181' title='bbox 277 2231 425 2314; x_wconf 81' lang='grc' dir='ltr'><em>περιεῖδε</em></span> <span class='ocrx_word' id='word_1_182' title='bbox 452 2229 509 2296; x_wconf 87' lang='grc' dir='ltr'><em>τὸν</em></span> <span class='ocrx_word' id='word_1_183' title='bbox 541 2225 641 2299; x_wconf 82' lang='grc' dir='ltr'><em>αὖτοῦ</em></span> <span class='ocrx_word' id='word_1_184' title='bbox 672 2238 802 2315; x_wconf 90' lang='grc' dir='ltr'><em>πατέρα</em></span> <span class='ocrx_word' id='word_1_185' title='bbox 837 2235 891 2300; x_wconf 85' lang='grc' dir='ltr'><em>καί</em></span> <span class='ocrx_word' id='word_1_186' title='bbox 921 2216 1027 2311; x_wconf 83' lang='grc' dir='ltr'><em>ζῶντα</em></span> <span class='ocrx_word' id='word_1_187' title='bbox 1057 2234 1122 2298; x_wconf 83' lang='grc' dir='ltr'><em>τῶν</em></span> 
     </span>
     <span class='ocr_line' id='line_1_22' title="bbox 15 2321 1121 2432; baseline 0.003 -35"><span class='ocrx_word' id='word_1_188' title='bbox 15 2339 18 2432; x_wconf 72' lang='grc' dir='ltr'><em>η</em></span> <span class='ocrx_word' id='word_1_189' title='bbox 64 2329 236 2420; x_wconf 84' lang='grc' dir='ltr'><em>ἀναγκαίων</em></span> <span class='ocrx_word' id='word_1_190' title='bbox 260 2333 463 2413; x_wconf 87' lang='grc' dir='ltr'><em>σπανίζοντα</em></span> <span class='ocrx_word' id='word_1_191' title='bbox 494 2332 549 2400; x_wconf 85' lang='grc' dir='ltr'><em>καὶ</em></span> <span class='ocrx_word' id='word_1_192' title='bbox 569 2332 809 2419; x_wconf 87' lang='grc' dir='ltr'><em>τελευτήσαντα</em></span> <span class='ocrx_word' id='word_1_193' title='bbox 832 2331 870 2400; x_wconf 87' lang='grc' dir='ltr'><em>οά</em></span> <span class='ocrx_word' id='word_1_194' title='bbox 894 2332 1034 2416; x_wconf 85' lang='grc' dir='ltr'><em>τυχόντα</em></span> <span class='ocrx_word' id='word_1_195' title='bbox 1055 2321 1121 2400; x_wconf 82' lang='grc' dir='ltr'><em>τών</em></span> 
     </span>
     <span class='ocr_line' id='line_1_23' title="bbox 15 2429 1159 2521; baseline -0.001 -24"><span class='ocrx_word' id='word_1_196' title='bbox 15 2437 17 2484; x_wconf 70' lang='grc' dir='ltr'><em>ἰ</em></span> <span class='ocrx_word' id='word_1_197' title='bbox 59 2443 210 2521; x_wconf 90' lang='grc' dir='ltr'><em>νομίμων,</em></span> <span class='ocrx_word' id='word_1_198' title='bbox 233 2431 317 2518; x_wconf 82' lang='grc' dir='ltr'><em>άπερ</em></span> <span class='ocrx_word' id='word_1_199' title='bbox 340 2432 441 2501; x_wconf 78' lang='grc' dir='ltr'><em>αάτοὶ</em></span> <span class='ocrx_word' id='word_1_200' title='bbox 463 2434 624 2513; x_wconf 87' lang='grc' dir='ltr'><em>πολλάκις</em></span> <span class='ocrx_word' id='word_1_201' title='bbox 647 2439 940 2520; x_wconf 81' lang='grc' dir='ltr'><em>κατεμαρτυρεῖτο·</em></span> <span class='ocrx_word' id='word_1_202' title='bbox 963 2429 1063 2501; x_wconf 80' lang='grc' dir='ltr'><em>αὐτὸν</em></span> <span class='ocrx_word' id='word_1_203' title='bbox 1087 2433 1159 2501; x_wconf 83' lang='grc' dir='ltr'><em>δὲ9</em></span> 
     </span>
     <span class='ocr_line' id='line_1_24' title="bbox 57 2534 1124 2632; baseline 0 -31"><span class='ocrx_word' id='word_1_204' title='bbox 57 2542 184 2620; x_wconf 80' lang='grc' dir='ltr'><em>τοῦτον,</em></span> <span class='ocrx_word' id='word_1_205' title='bbox 215 2534 266 2603; x_wconf 77' lang='grc' dir='ltr'><em>ὅτ’</em></span> <span class='ocrx_word' id='word_1_206' title='bbox 291 2537 338 2616; x_wconf 89' lang='grc' dir='ltr'><em>εἰς</em></span> <span class='ocrx_word' id='word_1_207' title='bbox 367 2534 406 2603; x_wconf 89' lang='grc' dir='ltr'><em>τό</em></span> <span class='ocrx_word' id='word_1_208' title='bbox 436 2536 660 2625; x_wconf 83' lang='grc' dir='ltr'><em>δεσμωτήριον</em></span> <span class='ocrx_word' id='word_1_209' title='bbox 687 2535 726 2604; x_wconf 87' lang='grc' dir='ltr'><em>τό</em></span> <span class='ocrx_word' id='word_1_210' title='bbox 755 2540 897 2632; x_wconf 74' lang='grc' dir='ltr'><em>πρώτονΙ</em></span> <span class='ocrx_word' id='word_1_211' title='bbox 919 2534 1057 2622; x_wconf 71' lang='grc' dir='ltr'><em>ἀπήχθη</em></span> <span class='ocrx_word' id='word_1_212' title='bbox 1081 2573 1124 2584; x_wconf 92' lang='lat'>-</span> 
     </span>
     <span class='ocr_line' id='line_1_25' title="bbox 55 2637 1124 2725; baseline -0.003 -20"><span class='ocrx_word' id='word_1_213' title='bbox 55 2637 213 2718; x_wconf 87' lang='grc' dir='ltr'><em>πολλάκις</em></span> <span class='ocrx_word' id='word_1_214' title='bbox 234 2640 295 2725; x_wconf 83' lang='grc' dir='ltr'><em>γὰρ</em></span> <span class='ocrx_word' id='word_1_215' title='bbox 318 2640 391 2706; x_wconf 79' lang='grc' dir='ltr'><em>ἰ’στε</em></span> <span class='ocrx_word' id='word_1_216' title='bbox 413 2641 511 2705; x_wconf 80' lang='grc' dir='ltr'><em>τοῦτο</em></span> <span class='ocrx_word' id='word_1_217' title='bbox 534 2638 644 2725; x_wconf 83' lang='grc' dir='ltr'><em>δήπου</em></span> <span class='ocrx_word' id='word_1_218' title='bbox 671 2638 882 2725; x_wconf 86' lang='grc' dir='ltr'><em>γεγενημένον</em></span> <span class='ocrx_word' id='word_1_219' title='bbox 903 2672 959 2717; x_wconf 91' lang='grc'><em>-,</em></span> <span class='ocrx_word' id='word_1_220' title='bbox 983 2640 1124 2703; x_wconf 86' lang='grc' dir='ltr'><em>τοιαῦτα</em></span> 
     </span>
     <span class='ocr_line' id='line_1_26' title="bbox 54 2733 1123 2831; baseline -0.001 -25"><span class='ocrx_word' id='word_1_221' title='bbox 54 2741 263 2831; x_wconf 81' lang='grc' dir='ltr'><em>τολμήσαντα</em></span> <span class='ocrx_word' id='word_1_222' title='bbox 291 2750 404 2808; x_wconf 80' lang='grc' dir='ltr'><em>ποιεῖν</em></span> <span class='ocrx_word' id='word_1_223' title='bbox 433 2737 569 2819; x_wconf 80' lang='grc' dir='ltr'><em>αὐτοῦ,</em></span> <span class='ocrx_word' id='word_1_224' title='bbox 605 2735 686 2805; x_wconf 78' lang='grc' dir='ltr'><em>ὥστ’</em></span> <span class='ocrx_word' id='word_1_225' title='bbox 719 2739 862 2817; x_wconf 86' lang='grc' dir='ltr'><em>έκείνονς</em></span> <span class='ocrx_word' id='word_1_226' title='bbox 896 2733 1123 2828; x_wconf 82' lang='grc' dir='ltr'><em>ἀποψηφίσα-</em></span> 
     </span>
     <span class='ocr_line' id='line_1_27' title="bbox 17 2839 1123 2932; baseline -0.005 -18"><span class='ocrx_word' id='word_1_227' title='bbox 17 2909 18 2914; x_wconf 73' lang='grc'><em>,</em></span> <span class='ocrx_word' id='word_1_228' title='bbox 54 2851 138 2912; x_wconf 74' lang='grc' dir='ltr'><em>σθαι</em></span> <span class='ocrx_word' id='word_1_229' title='bbox 171 2844 254 2932; x_wconf 88' lang='grc' dir='ltr'><em>μήτε</em></span> <span class='ocrx_word' id='word_1_230' title='bbox 288 2852 354 2929; x_wconf 86' lang='grc' dir='ltr'><em>πῦρ</em></span> <span class='ocrx_word' id='word_1_231' title='bbox 390 2839 515 2910; x_wconf 82' lang='grc' dir='ltr'><em>έναόειν</em></span> <span class='ocrx_word' id='word_1_232' title='bbox 547 2842 655 2929; x_wconf 85' lang='grc' dir='ltr'><em>τοότφ</em></span> <span class='ocrx_word' id='word_1_233' title='bbox 686 2841 768 2932; x_wconf 90' lang='grc' dir='ltr'><em>μήτε</em></span> <span class='ocrx_word' id='word_1_234' title='bbox 802 2852 969 2909; x_wconf 80' lang='grc' dir='ltr'><em>συσσιτεῖν</em></span> <span class='ocrx_word' id='word_1_235' title='bbox 998 2844 1123 2930; x_wconf 86' lang='grc' dir='ltr'><em>μηδένα</em></span> 
     </span>
    </p>
   </div>
   <div class='ocr_carea' id='block_1_3' title="bbox 54 2967 257 2978">
    <p class='ocr_par' dir='ltr' id='par_1_3' title="bbox 54 2967 257 2978">
     <span class='ocr_line' id='line_1_28' title="bbox 54 2967 257 2978; baseline 0.005 -3"><span class='ocrx_word' id='word_1_236' title='bbox 54 2967 257 2978; x_wconf 55' lang='lat'><strong>——-————-</strong></span> 
     </span>
    </p>
   </div>
   <div class='ocr_carea' id='block_1_4' title="bbox 21 3009 1127 3978">
    <p class='ocr_par' dir='ltr' id='par_1_4' title="bbox 54 3009 1127 3627">
     <span class='ocr_line' id='line_1_29' title="bbox 120 3009 1125 3082; baseline -0.006 -12"><span class='ocrx_word' id='word_1_237' title='bbox 120 3021 137 3070; x_wconf 85' lang='lat'><strong>9</strong></span> <span class='ocrx_word' id='word_1_238' title='bbox 156 3012 225 3066; x_wconf 79' lang='grc' dir='ltr'><em>κατὰ</em></span> <span class='ocrx_word' id='word_1_239' title='bbox 242 3015 288 3067; x_wconf 79' lang='grc' dir='ltr'><em>ΝΑ</em></span> <span class='ocrx_word' id='word_1_240' title='bbox 301 3031 348 3081; x_wconf 67' lang='lat' dir='ltr'><em>pr„</em></span> <span class='ocrx_word' id='word_1_241' title='bbox 365 3016 395 3065; x_wconf 74' lang='grc' dir='ltr'><em>ἐκ</em></span> <span class='ocrx_word' id='word_1_242' title='bbox 406 3013 453 3066; x_wconf 76' lang='lat' dir='ltr'><em>A²t</em></span> <span class='ocrx_word' id='word_1_243' title='bbox 471 3043 504 3054; x_wconf 94' lang='lat'><em>-</em></span> <span class='ocrx_word' id='word_1_244' title='bbox 521 3009 575 3066; x_wconf 78' lang='grc' dir='ltr'><em>ὑπὸ</em></span> <span class='ocrx_word' id='word_1_245' title='bbox 589 3029 664 3082; x_wconf 74' lang='lat' dir='ltr'>supra</span> <span class='ocrx_word' id='word_1_246' title='bbox 676 3029 779 3066; x_wconf 84' lang='lat' dir='ltr'>versum</span> <span class='ocrx_word' id='word_1_247' title='bbox 790 3013 826 3064; x_wconf 72' lang='grc' dir='ltr'><em>Αι</em></span> <span class='ocrx_word' id='word_1_248' title='bbox 843 3042 877 3052; x_wconf 92' lang='grc'><strong>-</strong></span> <span class='ocrx_word' id='word_1_249' title='bbox 893 3011 1125 3082; x_wconf 73' lang='grc' dir='ltr'><em>ἀποπεφασμένοι</em></span> 
     </span>
     <span class='ocr_line' id='line_1_30' title="bbox 54 3076 1127 3164; baseline -0.001 -31"><span class='ocrx_word' id='word_1_250' title='bbox 54 3083 139 3152; x_wconf 64' lang='lat' dir='ltr'><em>Aps„</em></span> <span class='ocrx_word' id='word_1_251' title='bbox 159 3099 222 3135; x_wconf 82' lang='lat' dir='ltr'>corr.</span> <span class='ocrx_word' id='word_1_252' title='bbox 241 3083 284 3147; x_wconf 58' lang='grc' dir='ltr'><em>Αἱ,</em></span> <span class='ocrx_word' id='word_1_253' title='bbox 302 3085 329 3134; x_wconf 90' lang='lat' dir='ltr'><em>in</em></span> <span class='ocrx_word' id='word_1_254' title='bbox 345 3083 418 3135; x_wconf 82' lang='lat' dir='ltr'>libris</span> <span class='ocrx_word' id='word_1_255' title='bbox 454 3088 496 3135; x_wconf 81' lang='grc' dir='ltr'><em>οεί</em></span> <span class='ocrx_word' id='word_1_256' title='bbox 512 3077 632 3150; x_wconf 86' lang='grc' dir='ltr'><em>ἀποπεφ.</em></span> <span class='ocrx_word' id='word_1_257' title='bbox 651 3085 802 3150; x_wconf 86' lang='lat' dir='ltr'><strong>sequuntur:</strong></span> <span class='ocrx_word' id='word_1_258' title='bbox 826 3076 843 3132; x_wconf 78' lang='grc' dir='ltr'><em>ἰ</em></span> <span class='ocrx_word' id='word_1_259' title='bbox 862 3077 908 3133; x_wconf 82' lang='grc' dir='ltr'><em>διὰ</em></span> <span class='ocrx_word' id='word_1_260' title='bbox 925 3078 986 3133; x_wconf 72' lang='grc' dir='ltr'><em>τοὺς</em></span> <span class='ocrx_word' id='word_1_261' title='bbox 1002 3082 1051 3133; x_wconf 81' lang='grc' dir='ltr'><em>τοῦ</em></span> <span class='ocrx_word' id='word_1_262' title='bbox 1069 3100 1127 3164; x_wconf 80' lang='grc' dir='ltr'><em>τρι·</em></span> 
     </span>
     <span class='ocr_line' id='line_1_31' title="bbox 55 3098 1126 3222; baseline 0 -22"><span class='ocrx_word' id='word_1_263' title='bbox 55 3155 167 3219; x_wconf 84' lang='grc' dir='ltr'><em>νομένου</em></span> <span class='ocrx_word' id='word_1_264' title='bbox 189 3147 339 3222; x_wconf 74' lang='grc' dir='ltr'><em>προγόνους</em></span> <span class='ocrx_word' id='word_1_265' title='bbox 359 3154 405 3203; x_wconf 83' lang='grc' dir='ltr'><em>καί</em></span> <span class='ocrx_word' id='word_1_266' title='bbox 428 3098 483 3216; x_wconf 64' lang='grc' dir='ltr'><em>(διὰ</em></span> <span class='ocrx_word' id='word_1_267' title='bbox 501 3150 559 3202; x_wconf 82' lang='grc' dir='ltr'><em>εδδ.</em></span> <span class='ocrx_word' id='word_1_268' title='bbox 577 3150 610 3215; x_wconf 76' lang='grc' dir='ltr'><em>Ν)</em></span> <span class='ocrx_word' id='word_1_269' title='bbox 635 3148 687 3215; x_wconf 83' lang='grc' dir='ltr'><em>τὴν</em></span> <span class='ocrx_word' id='word_1_270' title='bbox 708 3143 790 3202; x_wconf 74' lang='grc' dir='ltr'><em>αὐτοῦ</em></span> <span class='ocrx_word' id='word_1_271' title='bbox 813 3147 992 3220; x_wconf 84' lang='grc' dir='ltr'><em>μετριότητα,</em></span> <span class='ocrx_word' id='word_1_272' title='bbox 1017 3152 1063 3200; x_wconf 82' lang='grc' dir='ltr'><em>καὶ</em></span> <span class='ocrx_word' id='word_1_273' title='bbox 1080 3167 1126 3202; x_wconf 88' lang='grc' dir='ltr'><em>οτι</em></span> 
     </span>
     <span class='ocr_line' id='line_1_32' title="bbox 54 3213 1127 3288; baseline -0.005 -16"><span class='ocrx_word' id='word_1_274' title='bbox 54 3213 120 3285; x_wconf 70' lang='grc' dir='ltr'><em>ὑμᾶς</em></span> <span class='ocrx_word' id='word_1_275' title='bbox 137 3216 223 3272; x_wconf 72' lang='grc' dir='ltr'><em>πολλί</em></span> <span class='ocrx_word' id='word_1_276' title='bbox 243 3216 331 3280; x_wconf 83' lang='grc' dir='ltr'><em>(πολλ.</em></span> <span class='ocrx_word' id='word_1_277' title='bbox 343 3213 388 3284; x_wconf 84' lang='grc' dir='ltr'><em>όμ.</em></span> <span class='ocrx_word' id='word_1_278' title='bbox 401 3219 433 3283; x_wconf 76' lang='lat' dir='ltr'><em>N)</em></span> <span class='ocrx_word' id='word_1_279' title='bbox 451 3223 497 3270; x_wconf 79' lang='grc' dir='ltr'><em>καὶ</em></span> <span class='ocrx_word' id='word_1_280' title='bbox 509 3215 567 3284; x_wconf 76' lang='grc' dir='ltr'><em>ἰδίη</em></span> <span class='ocrx_word' id='word_1_281' title='bbox 584 3221 629 3269; x_wconf 83' lang='grc' dir='ltr'><em>καὶ</em></span> <span class='ocrx_word' id='word_1_282' title='bbox 645 3214 761 3284; x_wconf 74' lang='grc' dir='ltr'><em>δημοσίᾳ</em></span> <span class='ocrx_word' id='word_1_283' title='bbox 772 3213 865 3288; x_wconf 75' lang='grc' dir='ltr'><em>ἀγαθί</em></span> <span class='ocrx_word' id='word_1_284' title='bbox 879 3217 1027 3288; x_wconf 82' lang='grc' dir='ltr'><em>εἴργασται,</em></span> <span class='ocrx_word' id='word_1_285' title='bbox 1046 3213 1127 3278; x_wconf 82' lang='grc' dir='ltr'><em>ἀξιον</em></span> 
     </span>
     <span class='ocr_line' id='line_1_33' title="bbox 55 3283 1124 3356; baseline 0.001 -21"><span class='ocrx_word' id='word_1_286' title='bbox 55 3288 139 3351; x_wconf 68' lang='grc' dir='ltr'><em>(ἐστιν</em></span> <span class='ocrx_word' id='word_1_287' title='bbox 160 3288 217 3340; x_wconf 82' lang='grc' dir='ltr'><em>εδδ.</em></span> <span class='ocrx_word' id='word_1_288' title='bbox 234 3286 267 3354; x_wconf 86' lang='grc' dir='ltr'><em>Ν)</em></span> <span class='ocrx_word' id='word_1_289' title='bbox 291 3283 375 3340; x_wconf 78' lang='grc' dir='ltr'><em>αὐτοῦ</em></span> <span class='ocrx_word' id='word_1_290' title='bbox 399 3286 569 3356; x_wconf 67' lang='grc' dir='ltr'><em>φείσασθαις</em></span> <span class='ocrx_word' id='word_1_291' title='bbox 596 3302 662 3354; x_wconf 81' lang='lat' dir='ltr'>quae</span> <span class='ocrx_word' id='word_1_292' title='bbox 682 3287 760 3338; x_wconf 79' lang='lat' dir='ltr'>verba</span> <span class='ocrx_word' id='word_1_293' title='bbox 779 3287 829 3339; x_wconf 83' lang='lat' dir='ltr'><strong>del.</strong></span> <span class='ocrx_word' id='word_1_294' title='bbox 847 3285 963 3350; x_wconf 82' lang='lat' dir='ltr'>Bekker‚</span> <span class='ocrx_word' id='word_1_295' title='bbox 988 3286 1047 3354; x_wconf 84' lang='grc' dir='ltr'><em>οοΙΙ.</em></span> <span class='ocrx_word' id='word_1_296' title='bbox 1065 3286 1081 3352; x_wconf 63' lang='grc' dir='ltr'><strong>ξ</strong></span> <span class='ocrx_word' id='word_1_297' title='bbox 1100 3287 1124 3337; x_wconf 86' lang='grc'><em>8.</em></span> 
     </span>
     <span class='ocr_line' id='line_1_34' title="bbox 55 3358 1127 3490; baseline -0.007 -12"><span class='ocrx_word' id='word_1_298' title='bbox 55 3449 86 3460; x_wconf 81' lang='lat'><em>-</em></span> <span class='ocrx_word' id='word_1_299' title='bbox 104 3425 131 3488; x_wconf 81' lang='lat'><em>6,</em></span> <span class='ocrx_word' id='word_1_300' title='bbox 151 3427 167 3476; x_wconf 79' lang='lat'><strong>4</strong></span> <span class='ocrx_word' id='word_1_301' title='bbox 187 3417 365 3489; x_wconf 81' lang='grc' dir='ltr'><em>ἀναλώσαμεν</em></span> <span class='ocrx_word' id='word_1_302' title='bbox 376 3422 455 3489; x_wconf 70' lang='grc' dir='ltr'><em>Αρκ,</em></span> <span class='ocrx_word' id='word_1_303' title='bbox 474 3423 590 3475; x_wconf 86' lang='lat' dir='ltr'><strong>corr.A¹.</strong></span> <span class='ocrx_word' id='word_1_304' title='bbox 608 3451 641 3459; x_wconf 92' lang='lat'>—</span> <span class='ocrx_word' id='word_1_305' title='bbox 661 3358 822 3490; x_wconf 71' lang='grc' dir='ltr'><em>δάφόίσδαι</em></span> <span class='ocrx_word' id='word_1_306' title='bbox 834 3390 893 3473; x_wconf 45' lang='lat' dir='ltr'><em>da&amp;</em></span> <span class='ocrx_word' id='word_1_307' title='bbox 903 3421 934 3472; x_wconf 87' lang='lat' dir='ltr'><em>N.</em></span> <span class='ocrx_word' id='word_1_308' title='bbox 952 3448 984 3457; x_wconf 94' lang='grc'>-</span> <span class='ocrx_word' id='word_1_309' title='bbox 1005 3423 1019 3470; x_wconf 77' lang='grc' dir='ltr'><em>’ί</em></span> <span class='ocrx_word' id='word_1_310' title='bbox 1038 3415 1127 3471; x_wconf 82' lang='grc' dir='ltr'><em>κατ’ί</em></span> 
     </span>
     <span class='ocr_line' id='line_1_35' title="bbox 58 3485 1126 3569; baseline -0.006 -26"><span class='ocrx_word' id='word_1_311' title='bbox 58 3518 85 3529; x_wconf 90' lang='grc'><strong>-</strong></span> <span class='ocrx_word' id='word_1_312' title='bbox 103 3495 185 3544; x_wconf 74' lang='grc' dir='ltr'><em>ἔσται</em></span> <span class='ocrx_word' id='word_1_313' title='bbox 224 3498 266 3543; x_wconf 81' lang='lat' dir='ltr'><em>ost</em></span> <span class='ocrx_word' id='word_1_314' title='bbox 283 3487 377 3542; x_wconf 85' lang='grc' dir='ltr'><em>δικαία</em></span> <span class='ocrx_word' id='word_1_315' title='bbox 400 3491 459 3542; x_wconf 87' lang='lat' dir='ltr'><strong>coll.</strong></span> <span class='ocrx_word' id='word_1_316' title='bbox 477 3489 507 3541; x_wconf 89' lang='lat' dir='ltr'><em>N.</em></span> <span class='ocrx_word' id='word_1_317' title='bbox 533 3519 566 3527; x_wconf 92' lang='lat'>—</span> <span class='ocrx_word' id='word_1_318' title='bbox 590 3491 645 3555; x_wconf 74' lang='lat'><em>7,1</em></span> <span class='ocrx_word' id='word_1_319' title='bbox 670 3485 808 3569; x_wconf 85' lang='grc' dir='ltr'><em>ἀπόφασιε</em></span> <span class='ocrx_word' id='word_1_320' title='bbox 826 3489 875 3541; x_wconf 80' lang='lat' dir='ltr'>del.</span> <span class='ocrx_word' id='word_1_321' title='bbox 893 3488 1034 3551; x_wconf 83' lang='lat' dir='ltr'>Maetzner‚</span> <span class='ocrx_word' id='word_1_322' title='bbox 1059 3502 1126 3538; x_wconf 83' lang='lat' dir='ltr'>serv.</span> 
     </span>
     <span class='ocr_line' id='line_1_36' title="bbox 57 3505 1125 3627; baseline -0.002 -19"><span class='ocrx_word' id='word_1_323' title='bbox 57 3562 73 3609; x_wconf 79' lang='lat' dir='ltr'><em>t.</em></span> <span class='ocrx_word' id='word_1_324' title='bbox 90 3588 124 3597; x_wconf 90' lang='lat'><em>—</em></span> <span class='ocrx_word' id='word_1_325' title='bbox 143 3562 159 3612; x_wconf 83' lang='lat'><strong>3</strong></span> <span class='ocrx_word' id='word_1_326' title='bbox 176 3505 263 3612; x_wconf 64' lang='grc' dir='ltr'><em>οὗΡδεῖτ</em></span> <span class='ocrx_word' id='word_1_327' title='bbox 281 3554 317 3611; x_wconf 82' lang='grc' dir='ltr'><em>ώε</em></span> <span class='ocrx_word' id='word_1_328' title='bbox 334 3558 380 3610; x_wconf 85' lang='grc' dir='ltr'><em>ΝΑ</em></span> <span class='ocrx_word' id='word_1_329' title='bbox 397 3574 447 3625; x_wconf 67' lang='grc' dir='ltr'><em>με,</em></span> <span class='ocrx_word' id='word_1_330' title='bbox 472 3562 530 3609; x_wconf 74' lang='lat' dir='ltr'>ante</span> <span class='ocrx_word' id='word_1_331' title='bbox 555 3551 591 3610; x_wconf 75' lang='grc' dir='ltr'><em>αἰε</em></span> <span class='ocrx_word' id='word_1_332' title='bbox 611 3559 638 3610; x_wconf 85' lang='lat' dir='ltr'><em>in</em></span> <span class='ocrx_word' id='word_1_333' title='bbox 661 3573 773 3624; x_wconf 76' lang='lat' dir='ltr'>marglne</span> <span class='ocrx_word' id='word_1_334' title='bbox 795 3555 882 3627; x_wconf 78' lang='grc' dir='ltr'><em>ταύτῃ</em></span> <span class='ocrx_word' id='word_1_335' title='bbox 904 3551 1043 3609; x_wconf 77' lang='grc' dir='ltr'><em>πιστεύσει</em></span> <span class='ocrx_word' id='word_1_336' title='bbox 1068 3553 1125 3606; x_wconf 85' lang='grc' dir='ltr'><em>εδδ.</em></span> 
     </span>
    </p>

    <p class='ocr_par' dir='ltr' id='par_1_5' title="bbox 21 3620 1127 3978">
     <span class='ocr_line' id='line_1_37' title="bbox 21 3620 1127 3696; baseline -0.007 -16"><span class='ocrx_word' id='word_1_337' title='bbox 21 3679 22 3696; x_wconf 31' lang='grc' dir='ltr'><em>η</em></span> <span class='ocrx_word' id='word_1_338' title='bbox 57 3625 98 3692; x_wconf 69' lang='grc' dir='ltr'><em>λ’,</em></span> <span class='ocrx_word' id='word_1_339' title='bbox 117 3627 155 3680; x_wconf 81' lang='grc' dir='ltr'><em>εἰσ</em></span> <span class='ocrx_word' id='word_1_340' title='bbox 175 3632 198 3678; x_wconf 90' lang='lat' dir='ltr'><em>t:</em></span> <span class='ocrx_word' id='word_1_341' title='bbox 218 3642 281 3679; x_wconf 86' lang='lat' dir='ltr'><strong>corr.</strong></span> <span class='ocrx_word' id='word_1_342' title='bbox 291 3626 357 3693; x_wconf 77' lang='lat' dir='ltr'>Hug,</span> <span class='ocrx_word' id='word_1_343' title='bbox 374 3620 422 3693; x_wconf 81' lang='grc' dir='ltr'><em>(οὗ</em></span> <span class='ocrx_word' id='word_1_344' title='bbox 435 3621 562 3694; x_wconf 68' lang='grc' dir='ltr'><em>δικαίως)</em></span> <span class='ocrx_word' id='word_1_345' title='bbox 580 3622 642 3676; x_wconf 76' lang='grc' dir='ltr'><em>οὐδὲ</em></span> <span class='ocrx_word' id='word_1_346' title='bbox 656 3625 721 3677; x_wconf 73' lang='grc' dir='ltr'><em>ἴσως</em></span> <span class='ocrx_word' id='word_1_347' title='bbox 735 3626 815 3680; x_wconf 66' lang='lat' dir='ltr'>Elusa.</span> <span class='ocrx_word' id='word_1_348' title='bbox 834 3653 867 3664; x_wconf 91' lang='lat'><em>-</em></span> <span class='ocrx_word' id='word_1_349' title='bbox 886 3627 900 3676; x_wconf 85' lang='lat'>5</span> <span class='ocrx_word' id='word_1_350' title='bbox 936 3625 1082 3693; x_wconf 79' lang='grc' dir='ltr'><em>εγενημόνη</em></span> <span class='ocrx_word' id='word_1_351' title='bbox 1088 3642 1098 3686; x_wconf 93' lang='grc'><em>,·</em></span> <span class='ocrx_word' id='word_1_352' title='bbox 1116 3627 1127 3673; x_wconf 90' lang='lat' dir='ltr'><strong>t</strong></span> 
     </span>
     <span class='ocr_line' id='line_1_38' title="bbox 21 3641 1126 3762; baseline -0.006 -14"><span class='ocrx_word' id='word_1_353' title='bbox 21 3699 22 3718; x_wconf 78' lang='lat'><em>³</em></span> <span class='ocrx_word' id='word_1_354' title='bbox 57 3721 88 3732; x_wconf 83' lang='lat'><strong>—</strong></span> <span class='ocrx_word' id='word_1_355' title='bbox 104 3693 138 3747; x_wconf 84' lang='grc' dir='ltr'><em>τὸ</em></span> <span class='ocrx_word' id='word_1_356' title='bbox 155 3710 230 3762; x_wconf 84' lang='lat' dir='ltr'>supra</span> <span class='ocrx_word' id='word_1_357' title='bbox 249 3710 351 3747; x_wconf 81' lang='lat' dir='ltr'>versum</span> <span class='ocrx_word' id='word_1_358' title='bbox 369 3694 427 3747; x_wconf 85' lang='grc' dir='ltr'><em>εδδ.</em></span> <span class='ocrx_word' id='word_1_359' title='bbox 446 3693 489 3745; x_wconf 80' lang='lat' dir='ltr'><em>A1.</em></span> <span class='ocrx_word' id='word_1_360' title='bbox 505 3722 539 3730; x_wconf 97' lang='lat'><strong>—</strong></span> <span class='ocrx_word' id='word_1_361' title='bbox 557 3693 583 3757; x_wconf 82' lang='lat'><em>8,</em></span> <span class='ocrx_word' id='word_1_362' title='bbox 602 3697 617 3746; x_wconf 81' lang='lat'><strong>2</strong></span> <span class='ocrx_word' id='word_1_363' title='bbox 639 3687 709 3761; x_wconf 76' lang='grc' dir='ltr'><em>ήμῑτ</em></span> <span class='ocrx_word' id='word_1_364' title='bbox 725 3697 756 3745; x_wconf 90' lang='grc' dir='ltr'><em>Α.</em></span> <span class='ocrx_word' id='word_1_365' title='bbox 773 3723 807 3731; x_wconf 95' lang='grc'>-</span> <span class='ocrx_word' id='word_1_366' title='bbox 825 3695 840 3745; x_wconf 86' lang='grc'><strong>3</strong></span> <span class='ocrx_word' id='word_1_367' title='bbox 858 3641 954 3762; x_wconf 65' lang='grc' dir='ltr'><em>ι’γαόὰ</em></span> <span class='ocrx_word' id='word_1_368' title='bbox 971 3690 1036 3760; x_wconf 83' lang='grc' dir='ltr'><em>εἰργ.</em></span> <span class='ocrx_word' id='word_1_369' title='bbox 1053 3675 1126 3742; x_wconf 60' lang='lat' dir='ltr'>&amp;lass</span> 
     </span>
     <span class='ocr_line' id='line_1_39' title="bbox 21 3753 1126 3830; baseline -0.004 -18"><span class='ocrx_word' id='word_1_370' title='bbox 21 3805 22 3824; x_wconf 73' lang='grc'><em>,</em></span> <span class='ocrx_word' id='word_1_371' title='bbox 58 3776 86 3812; x_wconf 86' lang='lat' dir='ltr'><em>ex</em></span> <span class='ocrx_word' id='word_1_372' title='bbox 104 3765 121 3830; x_wconf 60' lang='grc' dir='ltr'>ᾖ</span> <span class='ocrx_word' id='word_1_373' title='bbox 139 3767 154 3817; x_wconf 87' lang='grc'><strong>6</strong></span> <span class='ocrx_word' id='word_1_374' title='bbox 172 3791 206 3801; x_wconf 91' lang='grc'>-</span> <span class='ocrx_word' id='word_1_375' title='bbox 223 3758 267 3814; x_wconf 81' lang='grc' dir='ltr'><em>διί·</em></span> <span class='ocrx_word' id='word_1_376' title='bbox 286 3759 368 3814; x_wconf 78' lang='grc' dir='ltr'><em>ταῦτ’</em></span> <span class='ocrx_word' id='word_1_377' title='bbox 382 3762 464 3814; x_wconf 82' lang='grc' dir='ltr'><em>Βίεεε.</em></span> <span class='ocrx_word' id='word_1_378' title='bbox 482 3791 515 3799; x_wconf 98' lang='grc'>-</span> <span class='ocrx_word' id='word_1_379' title='bbox 533 3764 550 3813; x_wconf 86' lang='grc'>4</span> <span class='ocrx_word' id='word_1_380' title='bbox 567 3766 657 3830; x_wconf 73' lang='grc' dir='ltr'><em>καίτοι</em></span> <span class='ocrx_word' id='word_1_381' title='bbox 673 3766 713 3813; x_wconf 79' lang='grc' dir='ltr'><em>τῖε</em></span> <span class='ocrx_word' id='word_1_382' title='bbox 725 3761 873 3826; x_wconf 77' lang='lat' dir='ltr'>Rosenberg</span> <span class='ocrx_word' id='word_1_383' title='bbox 891 3789 924 3797; x_wconf 98' lang='lat'><em>-</em></span> <span class='ocrx_word' id='word_1_384' title='bbox 942 3753 985 3810; x_wconf 81' lang='grc' dir='ltr'><em>ὅτι</em></span> <span class='ocrx_word' id='word_1_385' title='bbox 997 3758 1046 3810; x_wconf 78' lang='grc' dir='ltr'><em>τοῦ</em></span> <span class='ocrx_word' id='word_1_386' title='bbox 1059 3753 1126 3809; x_wconf 84' lang='grc' dir='ltr'><em>Κυδ.</em></span> 
     </span>
     <span class='ocr_line' id='line_1_40' title="bbox 22 3822 1127 3949; baseline -0.004 -70"><span class='ocrx_word' id='word_1_387' title='bbox 22 3865 23 3870; x_wconf 65' lang='lat'>,</span> <span class='ocrx_word' id='word_1_388' title='bbox 57 3830 85 3882; x_wconf 72' lang='lat' dir='ltr'><em>A.</em></span> <span class='ocrx_word' id='word_1_389' title='bbox 103 3860 137 3870; x_wconf 94' lang='lat'>-</span> <span class='ocrx_word' id='word_1_390' title='bbox 155 3835 170 3885; x_wconf 85' lang='lat'>5</span> <span class='ocrx_word' id='word_1_391' title='bbox 188 3825 352 3918; x_wconf 85' lang='grc' dir='ltr'><em>ἀριστο....</em></span> <span class='ocrx_word' id='word_1_392' title='bbox 370 3831 393 3882; x_wconf 88' lang='grc' dir='ltr'><strong>Α</strong></span> <span class='ocrx_word' id='word_1_393' title='bbox 401 3846 452 3949; x_wconf 55' lang='grc' dir='ltr'><em>φφ..</em></span> <span class='ocrx_word' id='word_1_394' title='bbox 464 3843 527 3881; x_wconf 84' lang='lat' dir='ltr'><strong>corr.</strong></span> <span class='ocrx_word' id='word_1_395' title='bbox 540 3828 583 3881; x_wconf 57' lang='grc' dir='ltr'><em>Δί.</em></span> <span class='ocrx_word' id='word_1_396' title='bbox 600 3858 634 3869; x_wconf 90' lang='grc'><strong>-</strong></span> <span class='ocrx_word' id='word_1_397' title='bbox 653 3824 765 3881; x_wconf 76' lang='grc' dir='ltr'><em>’ίαότσῦ</em></span> <span class='ocrx_word' id='word_1_398' title='bbox 777 3828 809 3882; x_wconf 83' lang='grc' dir='ltr'><em>Ν.</em></span> <span class='ocrx_word' id='word_1_399' title='bbox 825 3858 860 3867; x_wconf 98' lang='grc'>-</span> <span class='ocrx_word' id='word_1_400' title='bbox 876 3822 1032 3895; x_wconf 75' lang='grc' dir='ltr'><em>9,3δτ’,πσυ</em></span> <span class='ocrx_word' id='word_1_401' title='bbox 1045 3826 1127 3880; x_wconf 79' lang='grc' dir='ltr'><em>τοῦτο</em></span> 
     </span>
     <span class='ocr_line' id='line_1_41' title="bbox 22 3873 498 3978; baseline 0.002 -29"><span class='ocrx_word' id='word_1_402' title='bbox 22 3873 24 3978; x_wconf 48' lang='lat' dir='ltr'>J</span> <span class='ocrx_word' id='word_1_403' title='bbox 58 3895 299 3952; x_wconf 78' lang='grc' dir='ltr'><em>Ν.-4αυτοὺε;</em></span> <span class='ocrx_word' id='word_1_404' title='bbox 319 3914 382 3952; x_wconf 83' lang='lat' dir='ltr'><strong>corr.</strong></span> <span class='ocrx_word' id='word_1_405' title='bbox 435 3913 464 3950; x_wconf 88' lang='lat' dir='ltr'><em>ur</em></span> <span class='ocrx_word' id='word_1_406' title='bbox 491 3933 498 3950; x_wconf 87' lang='lat'><strong>.</strong></span> 
     </span>
    </p>
   </div>
   <div class='ocr_carea' id='block_1_5' title="bbox 1304 290 1311 332">
    <p class='ocr_par' dir='ltr' id='par_1_6' title="bbox 1304 290 1311 332">
     <span class='ocr_line' id='line_1_42' title="bbox 1304 290 1311 332; baseline 0 0"><span class='ocrx_word' id='word_1_407' title='bbox 1304 290 1311 332; x_wconf 77' lang='grc' dir='ltr'><em>ἰ</em></span> 
     </span>
    </p>
   </div>
   <div class='ocr_carea' id='block_1_6' title="bbox 0 0 1346 4558">
    <p class='ocr_par' dir='ltr' id='par_1_7' title="bbox 0 0 1346 4558">
     <span class='ocr_line' id='line_1_43' title="bbox 0 0 1346 4558; baseline 0 0"><span class='ocrx_word' id='word_1_408' title='bbox 0 0 1346 4558; x_wconf 95' lang='lat' dir='ltr'><em> </em></span> 
     </span>
    </p>
   </div>
  </div>
 </body>
</html>
