2668 4558
414 166 498 218 ΚΑΤΑ
515 165 767 220 ΔΗΜΟΣΘΕΝΟΥΣ.
1109 170 1129 230 3

44 335 196 422 θανάτῳ
218 329 465 421 τετελευτηκόσι
485 338 672 422 βοηθήσοι,
703 334 779 413 τούς
810 335 846 404 δὲ
873 336 1069 422 παράνομόν
1095 366 1128 408 τι

43 445 118 504 τῶν
150 436 184 504 ἐν
213 439 254 524 τῇ
283 435 383 503 πόλει
412 437 721 521 διαπεπραγμένους
743 436 923 522 ἐκβαλεῖν
946 433 1127 531 ήθανάτηι

43 542 229 627 ζημιῶσαι,
259 541 316 605 νῦν
340 537 398 605 ἐπὶ
420 541 491 615 τοῖς
513 534 596 604 κατά
617 538 858 624 Δημοσθένους
880 534 1127 629 ἀποπεφασμέ-

39 667 123 721 νοις
145 642 310 730 χρήμασιν
334 637 451 726 ἀκυρος
474 641 566 707 ἔσται
587 644 646 706 τοῦ
670 642 797 708 δικαίου
805 671 817 726 ,·

138 751 227 810 Ναί·
251 747 470 823 κατέψευσται
492 741 553 827 γὰρ
575 737 594 826 ή
617 741 719 832 βουλή
741 743 999 830 Δημοσθένους·
1032 749 1159 816 τουτίῖ

35 848 126 934 γάρ
151 845 242 914 ἐστιν
264 839 429 931 δπερβολή
442 845 503 909 τοῦ
517 840 721 929 πράγματος.
756 847 816 912 σοῦ
832 850 1056 929 κατέψευσται
1071 849 1126 918 καί

39 948 235 1036 Δημάδου,·
258 945 340 1014 καθ’
356 939 402 1011 ὧν
420 943 499 1013 οδδδ
513 942 659 1032 τάληθὲς
675 945 792 1026 εἰπεῖν,
816 942 861 1025 ὦς
877 947 991 1029 ἔοικεν,
1016 949 1127 1036 ἀσφα-

45 1054 110 1128 λές
137 1049 241 1130 ἐστιν,
276 1051 309 1115 οἳ
330 1047 441 1114 πολλὰ
463 1045 627 1132 πρότερον
656 1049 722 1114 τῶν
750 1056 868 1115 κοινῶν
891 1048 994 1136 ίκείνῃ
1020 1051 1125 1137 ζητεῖν

45 1151 278 1238 προσετάξατε
304 1149 360 1217 καὶ
389 1148 446 1215 διὰ
473 1146 534 1227 τάς
558 1153 734 1234 γενομένας
757 1149 904 1239 ζητήσεις
927 1150 1124 1239 ἐπῃνέσατε·

39 1252 107 1332 οὓς
130 1253 164 1320 δ’
188 1249 207 1338 ἡ
230 1252 330 1330 πόλις
353 1247 470 1318 ἅπασα
493 1243 532 1316 οὗ
565 1250 701 1317 δόναται
730 1245 912 1337 ἀναγκάσαι
941 1253 983 1322 τὰ
1012 1257 1124 1324 δίκαια

42 1363 174 1437 ποιεῖν,
199 1355 283 1423 κατὰ
305 1351 430 1420 τοότων
453 1349 473 1442 ή
495 1352 597 1438 βουλή
621 1354 756 1438 ψευδεῖς
771 1347 963 1442 ἀποφάσεις
978 1363 1123 1445 πεποίη-

43 1486 127 1542 ταις
151 1445 177 1524 ολ
197 1453 373 1543 Ἡράκλεις.
413 1456 468 1523 διὰ
490 1461 524 1522 τί
546 1447 603 1521 οὖν
627 1454 661 1522 ἐν
683 1458 730 1541 τῷ
754 1455 844 1545 δήμῳ
868 1457 1068 1544 συνεχώρεις,
1093 1449 1156 1530 (38

46 1558 283 1646 Δημόσθενες,
319 1557 374 1624 ἐὰν
404 1555 561 1644 ἀποφήνῃ
593 1559 653 1622 σοῦ
680 1555 747 1643 <τι>
775 1553 794 1646 ή
821 1559 943 1647 βουλή,
972 1560 1120 1629 θάνατον

45 1663 159 1748 ἑαυτῷ
180 1661 235 1747 τήν
259 1661 395 1748 ζημίαν,·
421 1661 476 1724 καὶ
499 1658 556 1724 διὰ
577 1665 610 1725 τί
633 1659 777 1738 πολλοὺς
799 1654 963 1748 ἀνῃρηκας
985 1663 1025 1728 σὺ
1046 1673 1121 1742 ταῖς

38 1773 105 1855 τῆς
126 1766 247 1851 βουλής
270 1761 515 1847 ἰσχυριζόμενος
536 1759 769 1847 ἀποφάσεσιν,·
792 1755 812 1848 ή
834 1773 909 1829 ποῖ
932 1766 988 1830 νῦν
1011 1764 1120 1831 ἐλθών

45 1863 65 1932 ὁ
90 1870 194 1955 δήριος
215 1859 236 1954 ἢ
258 1873 327 1932 τίοι
349 1863 539 1949 προστάξας
563 1863 668 1951 ζητεῖν
697 1863 777 1946 περὶ
805 1866 869 1929 τῶν
899 1862 1035 1952 ἀφανῶν
1065 1866 1119 1934 καί

46 1968 200 2054 μεγάλων
217 1965 425 2051 ἀδικημάτων
441 1962 515 2052 εάρῃ
534 1965 593 2053 τήν
613 1961 794 2052 ἀλήθειαν,·
815 1963 854 2031 τό
875 1968 936 2048 μὲν
957 1967 1018 2052 γάρ
1042 1975 1152 2037 σον-9

47 2074 159 2156 έδριον
187 2069 227 2136 τὸ
256 2068 417 2154 πρότερον
445 2063 528 2135 εἶναι
551 2070 667 2136 δοκοῦν
696 2068 817 2135 πιστὸν
841 2067 882 2136 οδ
906 2069 1075 2148 καταλύεις
1098 2065 1116 2136 ἀ

47 2172 225 2258 δημοτικός
248 2165 333 2238 εἶναι
355 2169 497 2257 φάσκων,
525 2164 633 2259 ᾦτήν
655 2176 720 2236 τῶν
744 2170 905 2255 σωμάτων
929 2171 1076 2262 φυλακήν
1099 2168 1120 2240 ό

45 2278 153 2364 δήμος
175 2272 457 2361 παρακαταθήκην
481 2273 615 2352 ἔδωκεν,
645 2267 672 2360 ᾦ
700 2270 759 2362 τήν
791 2275 962 2342 πολιτείαν
984 2277 1039 2343 καὶ
1061 2276 1122 2363 δη·

40 2384 224 2462 μοκρατίαν
259 2374 421 2452 πολλάκις
455 2375 705 2459 ἐγκεχείρικεν,
746 2373 764 2441 ὃ
800 2375 1047 2463 διαπιφόλαχε
1079 2376 1125 2443 τό

45 2477 104 2544 οδν
127 2482 223 2561 σῶμα
244 2481 303 2544 τοῦ
324 2477 534 2564 βλασφημεῖν
559 2476 638 2560 περὶ
660 2471 762 2544 αὐτοῦ
783 2479 960 2563 μέλλοντος
989 2478 1125 2544 πολλά--

46 2605 106 2658 κις,
131 2575 175 2658 ὡς
192 2578 231 2645 σὺ
247 2579 322 2667 φής,
343 2579 595 2664 ἐπιβουλευθέν,
620 2577 643 2646 ἀ
655 2579 814 2666 φυλάττει
832 2579 891 2658 τὰς
907 2575 1124 2663 ἀπορρήτους

46 2682 242 2770 διαθήκας,
264 2681 297 2747 ἐν
319 2680 371 2760 αῖς
392 2681 435 2748 τὰ
456 2685 516 2770 τής
538 2679 669 2761 πόλεως
692 2681 839 2769 σωτήρια
860 2691 976 2749 κεῖται.

125 2789 251 2851 Δίκαια
278 2785 337 2866 μὲν
366 2773 440 2865 οὖν,
471 2781 583 2851 δίκαια
611 2783 737 2868 τρόπον
765 2783 802 2869 γέ
829 2808 903 2850 τινα
932 2782 1054 2868 πάσχει
1074 2784 1170 2854 τό10·

40 2888 228 2972 συνέδριον·
253 2885 421 2974 εἰρήσεται
441 2885 502 2971 γὰρ
526 2883 548 2952 ἀ
569 2885 727 2971 γινώσκω.
772 2886 863 2953 δυοῖν
886 2885 947 2971 γάρ
971 2885 1114 2972 θάτερον

42 2987 137 3077 ε’χρήν
160 2983 288 3069 αὐτούς,
316 2980 337 3076 ἢ
360 2986 495 3075 καλιήν
518 2988 683 3075 προτέραν
706 2986 839 3077 ζήτησιν
861 2986 920 3075 τήν
944 2983 1027 3074 ὑπὲρ
1049 3016 1116 3056 των

41 3098 237 3175 τριακοσίων
272 3089 441 3159 ταλάντων
476 3095 543 3158 τῶν
572 3091 665 3176 παρὰ
691 3093 751 3158 τοῦ
776 3093 917 3175 Περσῶν
951 3091 1115 3178 βασιλέως

105 3368 121 3418 9
139 3361 292 3432 ἐκβάλλεται
312 3379 374 3417 corr.
387 3363 429 3415 A2.
447 3393 479 3401 -
496 3365 547 3429 7,1
567 3365 654 3416 malim
671 3369 749 3417 τουτί
761 3358 791 3434 γ’
805 3364 891 3416 ίστιν.
909 3393 943 3402 -
961 3368 978 3417 4
995 3365 1083 3427 ἐστιν,·
1102 3370 1114 3418 t

35 3461 69 3473 -
88 3436 193 3498 ζητεῖνι
206 3429 348 3518 σφαλερῶς
358 3431 395 3483 N²
405 3432 463 3484 loco
476 3433 622 3497 obliterato,
640 3432 672 3485 εί.
684 3433 789 3501 Ασιὶρίι.
802 3432 842 3485 εδ.
854 3431 987 3484 Jernstedt
998 3447 1023 3518 η.
1034 3431 1112 3487 XXV.

35 3528 68 3540 -
91 3507 107 3555 5
125 3503 270 3566 ἑτοιμάσει-ε
288 3497 441 3564 απηλίάξα-
458 3500 495 3551 N’
511 3501 581 3564 item,
600 3502 765 3572 ίπηνέσιιτες
782 3505 801 3554 t.
816 3529 849 3538 -
868 3503 884 3553 6
903 3495 1007 3570 ἀναγκα
1018 3535 1110 3554 ......

34 3567 56 3620 Ν
74 3586 128 3636 pn,
150 3555 220 3632 -ζιιν
236 3565 271 3619 τὰ
290 3563 317 3618 δ·
335 3568 393 3620 loco
411 3569 548 3621 obliterato
565 3568 608 3620 N².
625 3598 659 3608 -
677 3573 692 3620 ῖ
710 3565 759 3620 τὰε
776 3573 837 3636 post
853 3563 960 3634 ψιυδιῖι
976 3567 1002 3620 in
1020 3583 1110 3622 versus

36 3640 107 3690 exitu
125 3637 180 3690 εδδ.
199 3635 243 3690 N².
265 3663 298 3674 —
320 3636 347 3702 8,
367 3641 380 3691 1
399 3638 429 3688 ίν
447 3636 488 3700 τῷ
583 3635 605 3688 N
623 3651 669 3704 pn,
686 3633 751 3688 τότε
768 3637 828 3690 loco
845 3634 918 3687 oblit.
935 3634 979 3688 N'.
996 3665 1030 3674 -—
1048 3638 1064 3688 2
1082 3655 1110 3689 τι

37 3705 133 3770 addidi,
156 3722 186 3756 σι
204 3704 247 3756 vel
264 3701 334 3757 κατὰ
351 3704 400 3756 τοῦ
417 3699 434 3768 ή
452 3703 530 3757 wolf.
553 3733 587 3744 —
609 3709 626 3758 4
642 3704 710 3757 παῦε
732 3720 795 3758 corr.
814 3701 917 3754 Reiske.
935 3731 968 3740 —
987 3703 1014 3769 9,
1032 3707 1047 3757 2
1066 3701 1111 3757 δο-

38 3774 100 3825 κοῦν
118 3772 188 3826 εἶναι
209 3772 252 3826 At.
276 3801 309 3810 —
332 3775 347 3824 5
371 3773 473 3843 ίγκοχεί
506 3790 553 3823 κεν
575 3771 622 3824 NA
639 3789 690 3839 pn,
714 3772 780 3824 inA
802 3784 891 3822 rasura
915 3779 1058 3826 correctum
1075 3802 1110 3814 -

40 3824 146 3920 &Af
172 3837 369 3910 διαπεφύλακιι
392 3856 455 3892 corr.
507 3838 551 3892 olf.
579 3869 610 3877 —
635 3844 649 3891 ῖ
664 3856 722 3959 φα
739 3840 761 3892 Ν
781 3856 833 3908 pn,
858 3836 909 3906 φήε
926 3837 963 3892 N²
979 3871 1012 3880 -
1029 3835 1046 3895 δ’
1063 3842 1109 3895 ΝΑ

38 3921 83 3975 γε,
100 3927 121 3959 α
140 3909 183 3961 A1.
201 3938 234 3948 -
253 3913 268 3962 8
286 3902 430 3974 ἀποθήκας
447 3907 478 3974 N,
495 3903 586 3973 θήκατ
603 3907 682 3974 Wol,
699 3907 731 3960 εί.
750 3908 768 3960 G
786 3924 811 3974 p.
825 3909 848 3958 6.

862 3992 896 4042 1*
