2668 4558
200 159 243 217 44
650 155 833 210 ΔΕΙΝΑΡΧΟΥ

203 326 379 412 ἐτόλμησεν
410 326 457 404 εἷς
484 326 562 403 τούς
593 322 721 402 εἰδότας
754 319 840 406 ύμάς
874 321 1120 408 ἐξεληλεγμένον
1158 319 1279 386 ἑαυτὸν

203 426 312 495 ἅπασι
333 429 465 507 τούτοις
488 427 600 511 ’ένοχον
622 425 832 513 γεγενημένον
855 424 969 492 ἐλθεῖν
991 428 1047 490 καί
1071 422 1176 502 δεῖξαι
1201 421 1280 488 έαυ-

203 529 270 610 τόν,
295 528 333 596 ού
354 533 400 616 τῷ
416 532 531 616 δικαίην
548 528 723 606 πιστεύων,
748 515 775 592 ὦ
791 522 969 612 Ἀθηναῖοι
985 563 1027 572 -
1041 523 1075 591 τί
1088 525 1151 609 γὰρ
1167 522 1282 610 τούτῳ

203 630 412 719 δικαιοσύνης
440 640 609 716 μέτεστιν,·
638 670 680 681 -
702 626 786 698 άλλά
809 632 850 718 τῇ
872 627 975 716 τόλμῃ
998 627 1087 716 (καὶ)
1114 636 1157 716 τῇ
1181 625 1282 700 ἆναι-

204 739 293 823 δείρ,
327 731 349 824 ᾗ
379 733 546 821 χρώμενος
579 733 740 819 πρότερον
775 734 834 817 μέν
868 731 988 821 ἠξίωσε
1019 731 1281 819 καταφρονήσας

203 835 295 922 ὑμῶν
323 845 376 904 καί
405 840 471 905 τῶν
502 838 535 905 έν
564 845 604 924 τῇ
633 837 733 904 πόλει
756 838 891 903 δικαίων
913 834 956 901 τά
977 832 1129 920 χρήματα
1151 834 1276 919 λαβεῖν,

205 942 274 1006 νυνὶ
305 941 340 1007 δὲ
369 934 659 1026 ἀπολογησόμενος
690 933 761 1028 ἥκει
790 933 834 1015 ὦς
868 934 962 1002 οὐδὲν
996 935 1121 1002 τούτων
1160 933 1276 1002 διαπέ-

204 1062 366 1126 πρακται·
389 1046 547 1109 τοσοῦτον
563 1044 621 1130 τῆς
636 1035 792 1124 ὑμετέρας
808 1040 977 1126 ῥᾳθυμίας
994 1036 1280 1123 καταπεφρόνηκε.

167 1145 256 1210 4καλ
281 1140 298 1208 ὁ
320 1144 379 1226 μὲν
402 1144 511 1222 κοινὸς
529 1146 592 1231 τῆς
615 1142 745 1219 πόλεως
768 1141 877 1224 νόμος,
902 1140 959 1206 έάν
980 1164 1032 1216 τις
1053 1138 1161 1226 (ἑνὸς)
1184 1137 1279 1207 έναν-

153 1258 196 1310 109
205 1250 276 1310 τίον
298 1253 364 1311 ταῖν
387 1245 534 1312 πολιτῶν
558 1240 764 1330 ὁμολογήσας
787 1270 820 1310 τι
847 1245 852 1329 Ι
877 1251 1031 1331 παραβῇ,
1065 1249 1184 1308 τοῦτον
1208 1243 1279 1308 ένο-

203 1371 261 1429 χον
292 1343 376 1414 εῗναι
403 1347 527 1414 κελεύει
555 1349 601 1432 τῷ
632 1340 773 1414 ἀδικεῖν·
810 1341 827 1412 δ
859 1347 896 1414 δέ
922 1345 1050 1423 πάντας
1074 1341 1276 1431 Ἀθηναίους

205 1449 417 1534 ἐξηπατηκώς
444 1449 500 1516 καὶ
529 1449 674 1533 προδούς
704 1449 761 1534 τὴν
792 1455 906 1516 πίστιν
935 1447 973 1534 ἣν
996 1444 1081 1532 παρ’
1107 1443 1197 1531 ύμαῖν
1219 1440 1276 1512 ούκ

206 1550 298 1630 άξιος
321 1545 366 1616 ιύν
391 1553 496 1637 ἔλαβε,
519 1554 572 1618 καὶ
595 1575 634 1617 το
657 1546 738 1618 καθ’
764 1549 863 1618 αύτὸν
885 1548 984 1633 μέρος
1008 1546 1140 1616 άπαντ”
1159 1547 1281 1616 ἀνατε-

205 1651 340 1738 τραφυλς
362 1654 404 1719 τὰ
426 1652 459 1720 έν
482 1657 521 1740 τῇ
544 1653 658 1731 πόλει,
691 1647 787 1733 οὗτος
816 1653 873 1719 έπί
899 1653 958 1740 τήν
981 1646 1166 1736 άπολσγίαν
1189 1647 1281 1740 ἥκειν

156 1819 162 1836 ,
206 1756 307 1844 φησει
334 1754 394 1844 την
422 1751 507 1840 ύπέρ
535 1764 592 1844 τῆς
620 1757 729 1834 αἰτίας
758 1764 816 1843 τῆς
845 1754 890 1832 εἰς
922 1748 1020 1820 αύτὸν
1049 1760 1282 1841 γεγενημένηςς

170 1857 268 1943 5έγώ
289 1859 340 1939 δὲ,
377 1847 403 1923 αῖ
427 1857 588 1942 ἄνδρες,
622 1858 652 1926 εἰ
674 1860 725 1925 δεῖ
745 1853 876 1944 τάληθῆ
898 1857 1003 1941 λέγειν
1029 1893 1071 1904 -
1094 1858 1145 1922 δεῖ
1168 1858 1204 1922 δέ
1228 1895 1280 1937 -,

206 1956 282 2025 ούδὲ
309 1958 368 2038 τὰς
397 1957 588 2046 ἀποφάσεις
616 1954 711 2043 οἶμαι
732 1967 788 2025 νῦν
812 1956 1001 2042 κρίνεσθαι,
1033 1957 1175 2041 πότερον
1199 1953 1284 2045 άλη-

205 2066 282 2139 θεῖς
311 2062 393 2128 εἰσιν
423 2055 443 2150 ἢ
472 2064 607 2146 ψευδεῖς
642 2063 677 2128 αἱ
707 2061 790 2128 κατά
823 2061 1024 2138 Φιλοκλέους
1056 2058 1282 2146 γεγενημέναι,

206 2158 290 2230 άλλὰ
312 2167 388 2246 περὶ
411 2163 537 2249 μόνης
559 2167 618 2251 τῆς
640 2170 802 2248 τιμωρίας
824 2159 908 2245 ὑμᾶς
931 2163 1000 2229 δεῖν
1022 2169 1079 2248 τῆς
1102 2161 1135 2227 έν
1150 2164 1198 2247 τῷ
1213 2174 1286 2248 ψη-

206 2271 350 2351 φίσματι
371 2264 594 2352 γεγραμμένης
618 2267 752 2332 δικάσαι
775 2274 848 2348 νῦν,
878 2265 1005 2350 πότερα
1033 2267 1084 2330 δοῖ
1103 2263 1285 2348 χρημάτων

205 2373 346 2453 τιμῆσαι
372 2370 419 2453 τῷ
447 2369 625 2452 τηλικαῦτα
655 2363 825 2457 ἠδικηκότι
853 2369 910 2456 τὴν
942 2368 1055 2445 πόλιν,
1089 2360 1109 2452 ἢ
1137 2364 1286 2454 θανάτῳ

208 2467 444 2552 ζημιώσαντας,
470 2465 583 2556 ὥσπερ
603 2463 699 2548 οὗτος
715 2472 857 2555 ἔγραψεν
873 2471 905 2536 έν
921 2478 969 2558 τῷ
983 2473 1176 2555 ψηφίσματι
1192 2463 1282 2534 καθ’

206 2567 344 2650 ἑαυτοῦ,
359 2571 539 2656 δημεῦσαι
560 2572 618 2658 τὴν
643 2569 758 2638 ούσίαν
780 2569 838 2660 την
861 2571 895 2638 έκ
919 2570 1078 2637 τοιούτων
1100 2566 1283 2654 λημμάτων

207 2674 461 2760 συνειλεγμένην.

171 2778 190 2840 6
296 2777 423 2843 Οἲεσθε
451 2784 567 2844 τούτου
597 2779 653 2844 νῦν
683 2784 816 2860 πρῶτον
840 2776 896 2843 έπί
918 2774 1044 2841 τούτων
1067 2775 1132 2839 τῶν
1154 2769 1278 2859 χρημά-

206 2902 272 2943 των
295 2876 440 2962 πονηρδν
463 2881 671 2965 γεγενῆσθαι,
695 2872 716 2966 ἢ
738 2882 794 2945 νῦν
816 2885 950 2961 πρῶτον
973 2873 1056 2942 καθ’
1074 2872 1166 2955 ύμοῖν
1191 2875 1275 2957 δοῖρα

208 2976 398 3063 είληφέναις
423 2978 481 3045 οὐκ
504 2982 575 3046 έστι
596 2983 710 3059 ταῦτα,
733 2977 818 3046 ἄλλά
837 2977 943 3045 πάλαι
957 2983 1110 3055 τοιοῦτος
1126 2969 1172 3042 α’ύν
1188 2974 1278 3042 ἑλάν-

207 3087 309 3147 θανεν
332 3076 431 3162 ύμᾶς,
455 3085 508 3148 καὶ
532 3078 759 3171 εύτυχήκαθ’
786 3077 839 3148 ὅτι
862 3075 919 3149 ούκ
941 3081 974 3148 έν
988 3076 1128 3168 ,μείζοσι
1149 3087 1280 3163 καιροῖς

274 3288 301 3350 3,
321 3289 336 3340 2
360 3288 396 3340 εἰε
414 3283 476 3339 τούε
493 3283 599 3339 εἰδότας
617 3288 643 3339 in
660 3303 709 3339 ras.
727 3286 770 3339 41.
793 3317 828 3326 -
850 3291 867 3340 4
890 3273 991 3339 οῖἈθ.
1010 3299 1064 3339 om:
1078 3285 1119 3337 At.
1144 3315 1178 3323 —
1203 3288 1285 3337 5ιιαὶ

207 3356 263 3409 add.
283 3356 325 3410 ΑΞ.
352 3386 383 3394 -
407 3355 433 3419 4,
455 3359 466 3408 1
492 3351 552 3406 ἑνὸς
569 3356 627 3408 add.
646 3355 731 3419 Βίοευ,
755 3359 815 3422 post
835 3356 874 3408 έν.
892 3355 1025 3408 addiderat
1043 3353 1121 3406 Bake.
1144 3381 1178 3392 -·-
1200 3355 1216 3405 3
1239 3353 1284 3417 τῷ

205 3419 304 3489 άδιιιίφ
323 3424 411 3476 Cobet.
430 3452 464 3462 -
485 3426 502 3475 4
519 3417 584 3490 ύμῖν
600 3425 623 3474 Α
641 3440 691 3490 pn,
714 3439 777 3476 corr.
796 3423 837 3476 Αἱ.
859 3453 893 3462 -
916 3427 931 3476 7
951 3418 1049 3475 αύτὸνι
1074 3437 1137 3474 τοτε.
1156 3419 1229 3472 Turr.
1249 3449 1286 3460 -

206 3493 232 3557 ἔ),
252 3496 263 3545 1
286 3478 311 3542 ιδ
327 3487 470 3558 Ἀθηναῖοι
494 3491 525 3544 N.
544 3521 577 3529 —
596 3494 611 3543 2
629 3487 661 3543 ού
677 3490 726 3544 τὰς
749 3493 808 3543 mal.
825 3490 956 3544 Μυείτσοε
977 3521 1012 3530 -
1034 3486 1170 3559 πρότερον
1193 3489 1285 3555 Δρα,

206 3577 270 3613 corr.
287 3560 330 3612 ΑΙ.
355 3589 388 3600 -
411 3564 428 3613 4
448 3561 514 3626 μένε
539 3574 602 3612 corr.
621 3559 715 3612 Reiske
733 3589 765 3597 -
783 3555 826 3611 δεῖ
842 3561 864 3610 Α
882 3576 932 3625 pn,
957 3574 1026 3611 εστι.Ι
1039 3559 1074 3610 A¹
1092 3586 1124 3595 —
1149 3559 1205 3608 τοῖε
1223 3594 1248 3608 ..
1259 3597 1286 3612 ..

206 3631 400 3711 γεγραμμένοιε
417 3629 497 3748 Aga,
516 3643 580 3682 corr.
592 3628 635 3681 A2.
653 3657 687 3667 -
704 3631 720 3681 6
738 3624 789 3694 τὴν
807 3625 889 3681 πόλιν
907 3643 957 3680 om.
975 3627 1057 3693 Αρκ,
1076 3641 1139 3680 corr.
1151 3625 1194 3676 A¹.
1215 3654 1248 3662 -
1268 3628 1285 3678 8

207 3714 290 3746 αυτου
309 3697 342 3748 At
359 3725 393 3734 —-
411 3692 428 3761 ἢ
462 3696 589 3763 ημεῦσαιι
609 3712 673 3748 corr.
691 3696 786 3762 Reiske
804 3725 837 3734 -
854 3690 963 3747 τούτων
981 3696 1003 3746 Α
1021 3711 1071 3762 pn,
1098 3708 1162 3746 corr.
1180 3693 1225 3746 41.
1247 3721 1286 3733 -

206 3762 233 3824 δ,
252 3767 268 3814 4
285 3756 388 3828 εύτύχει
405 3760 472 3830 (ηύτ.
489 3764 522 3830 Α)
539 3760 655 3816 καθύτκ
675 3780 738 3817 corr.
749 3764 843 3831 Vogel,
866 3759 1006 3828 ηύτυχεῖτε
1022 3759 1125 3814 καθότι
1143 3765 1166 3822 t,
1193 3758 1285 3814 schol.

207 3830 249 3883 Ar.
269 3831 331 3898 Equ.
353 3835 417 3886 1299
436 3839 462 3884 et
480 3831 550 3885 Suid.
569 3847 590 3883 ε.
608 3828 821 3885 πυνθάνεσθαιι
844 3826 977 3896 εὐτυχεῖτε
1001 3825 1047 3882 δτι
1064 3827 1112 3881 ούιι
1131 3829 1161 3880 έν
1175 3829 1286 3896 μείζονι

207 3898 294 3970 καιρῷ
312 3896 457 3964 ἐπύθεσθε
473 3897 526 3966 τὴν
544 3893 627 3952 αὗτοῦ
647 3896 872 3970 αἰσχροκέρδειαν.
