2668 4558
238 175 279 235 32
685 180 868 234 ΔΕΙΝΑΡΧΟΥ

238 349 343 426 δεῖξαι
371 346 410 411 τὸ
439 345 641 432 πρόσωπον,
672 343 744 415 οόδ’
771 348 902 416 έναντία
930 352 971 437 τῇ
996 353 1054 439 τῆς
1075 351 1210 440 βουλῆς
1234 348 1321 417 ἄπο-

237 449 338 535 φάσει
361 451 464 534 λέγειν
487 443 609 537 ἠξίωσε
628 488 672 499 -
693 457 802 517 καίτοι
831 449 888 519 οόκ
911 453 1054 537 ἐ’γραψεν
1080 453 1213 532 ἐκεῖνος
1244 456 1319 537 περί

237 549 337 618 αὑτοῦ
359 558 476 637 κυρίαν
499 545 583 618 εῖναι
609 554 667 638 τήν
697 553 838 642 βουλήν,
867 549 943 621 οὐδὲ
971 554 1122 621 θάνατον
1156 551 1317 642 ὡρίσατο,

237 654 294 721 ἐὰν
316 649 502 741 ἀποφανθῇ
524 651 672 739 χρήματα
695 655 838 742 εἰληφός
861 675 918 704 -·
941 657 982 722 οδ
1005 658 1041 723 δὲ
1063 654 1158 724 οότω
1184 657 1318 742 σφόδρα

236 763 458 832 πεπίστευκας
483 766 557 835 τοῖς
580 766 718 823 σεαυτοῦ
736 757 846 841 λόγοις
867 760 920 824 καί
937 761 1248 848 καταπεφρόνηκας
1263 765 1318 849 τῆς

235 859 360 924 τούτων
381 851 545 944 εὐηθείας,
570 855 655 927 ὥστε
669 859 798 927 πείσειν
814 862 879 928 σίει
901 860 978 938 τοὺς
998 863 1161 940 δικαστάς
1188 859 1237 940 ὥς
1260 865 1317 945 μό-

235 985 293 1027 νου
322 965 382 1026 σαῦ
410 967 633 1044 κατέψευσται
661 962 700 1026 τὸ
729 964 899 1044 συνέδριον
927 967 981 1029 καί
1011 965 1112 1045 μόνον
1138 964 1206 1032 οὐκ
1232 966 1316 1052 είλη-

236 1063 323 1150 φότα
346 1065 383 1130 σὲ
405 1064 444 1130 τὸ
465 1071 598 1147 χρυσίον
621 1059 871 1150 ἀποπέφαγκεν.
903 1069 956 1132 καί
973 1064 1023 1144 τίς
1041 1060 1080 1132 άν
1102 1072 1220 1134 ταῦτα
1244 1095 1316 1135 πει-

235 1173 355 1253 σθείης

164 1281 223 1343 105
316 1267 442 1353 Ὁρᾶτε,
466 1254 492 1334 ὦ
512 1264 701 1355 Ἀθηναῖοι,
723 1275 757 1334 τί
771 1270 905 1353 μέλλετε
919 1275 1039 1337 ποιεῖν.
1075 1273 1313 1363 παρειλήφατε

234 1373 327 1455 παρά
348 1378 408 1437 τοῦ
430 1371 535 1457 δήμου
557 1370 595 1436 τδ
619 1371 809 1454 πράγματά
828 1379 1037 1459 γεγενημένον
1060 1373 1244 1456 εἰδότος,
1267 1400 1309 1438 τι·

232 1479 360 1557 μωρίας
383 1467 415 1536 δ’
441 1471 533 1539 ἕνεκα
554 1465 612 1558 τῆς
633 1470 717 1539 κατά
738 1477 803 1539 τῶν
822 1472 942 1556 ἐνόχων
958 1473 1062 1540 όντων
1076 1482 1152 1554 ταῖς
1170 1475 1310 1563 ἀποφά-

233 1598 306 1640 σεσι
319 1579 540 1660 Δημοσθένης
563 1574 729 1660 εἰσάγεται
751 1581 895 1661 πρῶτος.
931 1578 1201 1664 κατηγορήκαμεν
1218 1577 1311 1670 ἡμεῖς

162 1688 220 1750 106
234 1675 345 1742 οὐδὲν
368 1675 664 1757 καταχαρισάμενοι
686 1679 751 1742 τῶν
770 1684 887 1743 κοινῶν
903 1674 1048 1744 δικαίων.
1086 1679 1212 1762 πότερ’
1233 1676 1311 1762 ἆμε-

233 1777 389 1868 λήσαντες
415 1785 479 1844 τῶν
501 1785 717 1865 γεγενημένων
741 1775 896 1845 ἁπάντων
919 1776 1069 1865 ἀφήσετε
1087 1779 1144 1846 τδν
1168 1785 1308 1865 πρῶτον

233 1880 472 1968 εἰσεληλυθότα
494 1880 581 1964 πρδς
601 1877 686 1962 άμᾶς
712 1880 829 1947 καὶτὰ
852 1878 962 1947 δίκαια
985 1880 1050 1968 [τά]
1073 1883 1167 1964 παρά
1186 1891 1240 1968 τῷ
1257 1881 1307 1968 δή·

231 2009 285 2071 μῳ
307 1987 359 2050 καί
382 1991 423 2072 τῇ
443 1985 548 2073 βουλῇ
570 1985 609 2070 τῇ
632 1983 668 2063 ίξ
685 1977 816 2067 Ἀρείου
839 1983 947 2068 πάγου
976 1979 1108 2063 δόξαντ’
1134 1978 1224 2050 εἶναι
1258 1979 1310 2049 καί

232 2097 304 2164 τοῖς
331 2085 446 2164 όλλοις
474 2083 599 2152 ἅπασιν
635 2082 846 2168 ἀνθρώποις,
880 2077 983 2152 ταῦθ’
1015 2083 1107 2165 ὑμεῖς
1135 2086 1168 2151 οἱ
1197 2085 1313 2167 κόρεσι

233 2189 368 2254 πάντων
393 2185 515 2266 λόσετε,
539 2189 591 2253 καί
614 2187 674 2275 τήν
696 2194 858 2274 πονηρίαν
878 2182 971 2254 αὐτοὶ
994 2187 1052 2275 τήν
1073 2186 1199 2252 τούτων
1226 2186 1312 2253 ἀνα-

161 2299 219 2361 107
233 2289 389 2369 δέξεσθες
423 2282 444 2372 ἢ
472 2295 578 2353 πᾶσιν
607 2285 804 2368 ἀνθρώποις
834 2286 1044 2370 παράδειγμα
1067 2288 1211 2365 ἐξοίσετε
1235 2312 1313 2354 κοι-

231 2389 287 2457 νὸν
308 2389 393 2474 ὑπὲρ
416 2396 474 2476 τῆς
496 2387 634 2466 πόλεως,
660 2384 711 2454 ὅτι
732 2394 858 2469 μισεῖτε
872 2387 949 2464 τούς
964 2388 1131 2469 προδότας
1153 2385 1205 2453 καὶ
1225 2391 1322 2466 τοὺς

228 2491 401 2577 χρημάτων
432 2491 524 2558 ἕνεκα
552 2494 770 2573 προϊεμένους
798 2489 840 2556 τὰ
862 2495 920 2556 τοῦ
943 2485 1047 2578 δήμου
1070 2494 1307 2576 συμφέρονται,Ι

229 2598 333 2662 ταῦτα
354 2594 415 2679 γὰρ
438 2589 571 2660 άπαντά
593 2591 682 2659 ἐστιν
713 2589 771 2677 ἐφ’
796 2588 872 2673 δμῖν
901 2599 971 2671 νῦν,
1001 2593 1054 2658 καὶ
1085 2591 1303 2660 πεντακόσιοι

230 2697 285 2766 καί
305 2699 406 2780 χίλιοι
431 2693 522 2772 ὄντες
544 2694 603 2784 τήν
626 2690 760 2778 άπάσης
775 2702 834 2782 τῆς
849 2694 980 2772 πόλεως
996 2701 1160 2781 σωτηρίαν
1177 2695 1209 2760 έν
1226 2705 1301 2771 ταῖς
1319 2700 1320 2719 ’

230 2799 338 2882 χερσίν
361 2800 464 2880 έχετε,
492 2800 544 2864 καὶ
568 2794 588 2884 ή
611 2798 750 2885 τήμερον
773 2793 878 2884 ἡμέρα
903 2801 955 2864 καί
979 2792 998 2886 ή
1021 2793 1160 2880 ὑμετέρα
1180 2806 1299 2884 ψῆφος
1318 2801 1319 2869 1

230 2900 359 2988 πολλὴν
386 2899 572 2989 ἀσφάλειαν
600 2903 641 2987 τῇ
670 2899 769 2966 πόλει
791 2898 988 2987 καταστήσει
1010 2899 1052 2963 τά
1074 2900 1185 2965 δίκαια
1206 2896 1294 2982 ὑμῶν
1317 2963 1318 2974 ,

230 3000 414 3070 ἐθελόντων
437 3001 574 3087 κρίνειν,
606 2997 626 3087 ἢ
651 2999 824 3087 μοχθηρός
846 2998 985 3077 ἐλπίδας
1006 3001 1190 3088 ποιήσετε
1212 2999 1295 3069 πάν·

229 3131 288 3184 τας
311 3107 393 3187 έχων
417 3103 558 3171 τοιαῦθ’
582 3101 673 3187 ὑμῶν
697 3106 758 3189 έθη
781 3101 1023 3170 καθιστάντων.
1316 3093 1317 3169 λ

159 3218 218 3281 108
320 3202 369 3273 Οά
382 3207 626 3292 καταπληκτέον
642 3204 741 3288 ἐστίν,
765 3204 880 3291 άνδρες
892 3199 1081 3293 Ἀθηναῖοι,
1105 3203 1183 3274 οὐδὲ
1197 3230 1294 3290 προε·

298 3349 313 3398 5
331 3341 448 3407 ἐνδεῖξαι
465 3343 488 3395 Ν
505 3373 539 3382 -
556 3345 591 3415 τῇ
610 3359 660 3397 om.
678 3344 700 3394 Α
718 3358 769 3409 pn,
792 3341 849 3395 εδδ.
868 3343 910 3398 ΑΙ.
932 3371 966 3381 -
984 3347 999 3396 7
1019 3337 1102 3394 αὐτοῦ
1119 3341 1165 3393 ΑΝ
1182 3370 1214 3380 -
1234 3337 1291 3408 αλρί·

230 3432 298 3466 σατο
320 3413 425 3484 (ἑαυτῷ
448 3409 499 3479 τὴν
521 3411 637 3481 ζημίαν)
660 3411 719 3462 mal.
743 3409 880 3463 Mnetzner.
904 3440 936 3450 -
962 3415 993 3464 10
1011 3408 1078 3462 οίειν
1095 3410 1117 3461 Α
1134 3425 1186 3477 pn,
1208 3422 1289 3461 rasura

230 3497 295 3538 corr.
311 3511 347 3523 -
364 3483 454 3543 lom
472 3475 554 3531 οἴδατε
573 3495 636 3533 corr.
650 3479 791 3545 Εαιρεείυε,
807 3474 910 3531 όνιιδοε
925 3478 1005 3541 Turn,
1024 3475 1101 3530 αὗταί
1117 3481 1291 3549 γεγενημένον

229 3545 330 3602 είδάτεε
348 3551 465 3604 Scheibe.
483 3577 516 3588 -
535 3552 549 3602 5
568 3543 659 3600 οὐδενί
677 3546 747 3598 ANt:
771 3563 834 3600 corr.
853 3547 954 3609 Reiske‚
977 3546 1044 3598 idem
1062 3561 1164 3614 propos.
1183 3540 1289 3664 ἓοῦδὲν)

228 3614 327 3670 οὐδενί.
350 3647 385 3659 -
407 3617 503 3682 1003
527 3610 595 3685 παρ’
619 3616 710 3682 Apu,
734 3611 802 3685 πρὸς
821 3615 857 3665 A¹
879 3645 913 3655 -
936 3611 973 3667 τὰ
993 3614 1083 3667 εοεεεε
1107 3613 1165 3665 mal.
1202 3629 1288 3681 ευρρε,

229 3688 305 3738 eiecit
322 3684 460 3739 Maetzner.
484 3714 517 3724 —
543 3688 557 3737 5
581 3681 609 3736 σί
631 3699 706 3750 supra
724 3698 826 3735 versum
848 3683 891 3735 A¹.
916 3713 949 3722 -
972 3685 988 3736 6
1012 3676 1186 3743 ἀναδέξασθε
1208 3683 1287 3748 Αρτ..

228 3770 293 3808 corr.
311 3755 354 3807 A¹.
372 3783 406 3793 —
423 3753 516 3818 107,3
538 3753 697 3823 πρειμίναυτ
713 3749 744 3804 N.
761 3781 795 3790 -
813 3756 828 3805 ’ί
847 3752 877 3803 ἐν
893 3750 928 3822 τῇ
945 3750 977 3802 Ν.
994 3779 1028 3790 -
1046 3753 1061 3804 8
1080 3747 1286 3819 πονηράεΑρι.,

227 3819 367 3893 μοχθηρὰς
383 3822 418 3872 A¹
443 3850 475 3859 -
498 3822 568 3886 ίγειν
590 3815 717 3884 ποιήσετε
734 3817 879 3872 πάνταεΝ
908 3849 942 3858 -
965 3815 1074 3883 ποιήσει
1091 3818 1197 3870 Dobree.
1219 3847 1250 3856 -
1271 3820 1284 3870 9

227 3891 342 3942 τοιαῦτα
361 3891 390 3943 Ν.
409 3918 443 3928 -
459 3890 522 3954 108,
542 3893 555 3941 1
572 3885 775 3940 κοπαπίεκτίον
792 3887 864 3955 Αρτ.
882 3886 904 3938 N
916 3903 963 3954 pr„
984 3902 1049 3939 corr.
1066 3885 1136 3937 A¹N¹
1154 3915 1186 3924 -
1204 3875 1226 3938 αλ
1243 3881 1284 3938 άν-

228 3953 289 4026 δρεε
304 3958 339 4010 At
357 3987 388 3996 -
406 3954 551 4013 πλ..τίον
567 3958 647 4023 Αρτ,
665 3959 795 4025 προετίαν
811 3955 854 4007 A'.
