2668 4558
386 177 470 230 ΚΑΤΑ
487 175 739 230 ΔΗΜΟΣΘΕΝΟΥΣ.
1060 177 1100 237 31

32 339 113 412 εἶναι
143 343 269 432 ψήφῳ,·
302 342 468 430 γέγραψαι
496 345 671 432 ψήφισμα,
701 344 932 430 Δημόσθενες,
967 349 1101 416 πολλῶν
1115 356 1172 420 101

32 445 131 514 όντων
155 450 210 512 καί
233 448 347 514 δεινῶν
377 446 432 514 καί
461 447 663 532 παρανόμων
693 436 739 514 ὦν
761 447 920 536 Δημάδης
940 448 1101 535 γέγραφε,·

31 547 212 626 κεκώλυκάς
235 574 310 616 τινα
332 549 453 633 πρᾶξιν
476 542 522 614 ιάν
545 549 668 628 ἐκεῖνος
693 548 916 635 προελόμενος
936 551 1020 618 κατά
1041 560 1101 620 τοῦ

34 651 136 738 δήμου
153 653 412 734 πεπολίτευταις
435 646 508 717 οὔδ’
523 648 684 737 ήντινοῦν.
713 652 920 738 εἰσήγγελκας
934 653 992 720 τὸν
1007 653 1101 741 παρά

33 755 75 820 τά
96 760 161 819 τοῦ
184 751 289 840 δήμου
311 759 534 838 ψηφίσματα
563 753 618 820 καὶ
646 753 722 831 τούς
751 753 871 834 νόμους
893 755 1005 822 πολλά
1027 757 1101 822 δια-

34 860 264 941 πεπραγμένον
272 881 284 936 ,·
317 853 550 932 οὐδεπώποτε,
581 850 665 921 ἀλλὰ
691 857 857 938 περιεῖδες
879 855 981 924 αδτόν
1004 857 1036 924 έν
1059 861 1101 946 τῇ

36 955 131 1045 ἀγορᾷ
154 959 294 1040 χαλκοῦν
317 962 485 1022 σταθέντα
512 959 566 1024 καί
594 960 652 1045 τῆς
675 958 708 1024 έν
730 957 918 1046 πρυτανείῳ
941 959 1101 1038 σιτήσεως

37 1059 286 1146 κεκοινωνηκότα
307 1069 377 1137 τοῖς
397 1054 576 1143 Ἁρμοδίου
597 1063 651 1126 καί
670 1055 952 1146 Ἀριστογείτονος
975 1056 1101 1146 άπογό-

40 1189 106 1241 νοις.
148 1163 269 1229 ἔπειτα
291 1164 358 1228 πού
380 1165 440 1251 τῆς
463 1155 591 1240 εάνοίας
611 1165 669 1251 τῆς
684 1165 744 1249 σῆς
760 1158 778 1228 ό
797 1164 900 1252 δῆμος
915 1162 1011 1247 έλαβε
1026 1173 1101 1230 πεῖ·
1114 1176 1174 1238 102

15 1267 16 1274 ’
42 1292 98 1346 ραν,
121 1259 142 1354 ἢ
164 1272 235 1330 ποῦ
257 1263 316 1351 τήν
338 1267 397 1330 τοῦ
419 1264 557 1350 ῥήτορος
578 1265 740 1351 βοήθειαν
760 1267 813 1332 καί
838 1265 974 1349 δύναμιν
990 1265 1101 1346 ἐξετα-

15 1369 16 1392 ’
42 1368 163 1450 ζομένην
188 1367 340 1448 ε’ίδομεν,
374 1358 395 1454 ἢ
421 1364 568 1432 ἐνταῦθα
590 1365 709 1456 φήσετ’
735 1362 820 1434 εἶναι
842 1369 954 1449 δεινοί,
984 1368 1013 1435 εί
1034 1393 1101 1434 πα·

42 1470 290 1552 ρακροόσεσθε
323 1467 461 1546 τούτους
497 1463 549 1536 ἀεὶ
584 1471 731 1553 λέγοντες
760 1465 805 1548 ιάς
834 1465 890 1536 ούκ
918 1471 1006 1538 έστιν
1036 1470 1100 1550 έξω

42 1575 89 1660 τῆς
114 1573 279 1656 πατρίδος
307 1569 384 1654 ύμῖν
416 1570 580 1652 ἐξελθεῖν,
612 1567 670 1638 ούκ
699 1573 788 1638 έστιν
818 1571 898 1659 άλλη
929 1572 1098 1662 καταφυγή

43 1677 125 1757 χωρίς
146 1677 207 1761 τῆς
230 1669 389 1760 ἡμετέρας
412 1667 562 1754 εύνοίας,
586 1672 748 1758 φανερούς
764 1674 857 1763 έχρήν
872 1680 1101 1761 γεγενημένους

45 1772 313 1861 ἀντιπράττοντας
341 1771 397 1840 καὶ
419 1774 505 1862 λόγῳ
533 1774 588 1841 καί
611 1776 694 1861 ἔργῳ
716 1789 788 1853 τοῖς
809 1776 892 1842 κατὰ
913 1784 972 1842 τοῦ
995 1774 1099 1860 δήμου

15 1851 17 1952 λ
45 1884 251 1966 γραφομένοις
274 1873 503 1961 ψηφίσμασιν,
532 1871 618 1942 ούτω
640 1882 775 1944 πείθειν
798 1876 948 1955 τούτους,
979 1878 1101 1962 [λέγον-

15 1971 17 2040 Ῡ
47 1987 105 2062 τας]
129 1977 171 2060 ὥς
194 1975 253 2047 ούκ
275 1979 365 2045 ’ἐστιν
388 1977 465 2061 ύμῖν
489 1976 625 2062 οὐδεμία
648 1985 794 2066 σωτηρία
813 1980 913 2063 χωρὶς
934 1982 993 2065 τής
1008 1978 1101 2063 παρὰ

15 2091 17 2156 ζ
51 2092 99 2148 τοῦ
121 2084 216 2170 δήμου
240 2071 411 2168 βοηθείας.
456 2077 550 2164 ὑμεῖς
578 2075 609 2145 δ’
635 2081 668 2148 ἐν
696 2092 768 2159 τοῖς
796 2082 857 2162 ἔξω
879 2080 938 2160 τάς
961 2078 1099 2159 ἐλπίδας
1113 2092 1172 2154 103

56 2183 141 2263 δήετε,
160 2182 375 2266 ἁμιλλώμενοι
396 2187 470 2260 ταῖς
492 2184 677 2261 κολακείαις
697 2184 783 2266 πρὸς
803 2182 880 2262 τοὺς
904 2180 1101 2270 ὁμολογοῦν-

59 2309 110 2362 τος
129 2281 199 2369 ύπὲρ
214 2284 433 2366 Ἀλεξάνδρου
456 2284 613 2367 πράττειν
637 2286 692 2352 καὶ
716 2288 806 2370 δῶρα
822 2286 992 2374 εἰληφέναι
1007 2287 1100 2372 παρὰ

49 2392 108 2453 τῶν
131 2386 236 2455 αύτιῦν
266 2381 377 2469 ὦνπερ
400 2389 456 2453 νῦν
479 2383 718 2474 ἀποπέφαγκεν
741 2385 825 2473 ύμάς
846 2389 866 2480 ή
888 2390 1000 2475 βουλή.
1045 2393 1099 2457 καί

45 2491 78 2556 σύ
98 2490 230 2557 πάντων
250 2497 316 2556 τῶν
335 2486 492 2578 Ἑλλήνων
516 2491 661 2558 ἐναντίον
686 2493 905 2576 διειλεγμένος
926 2491 1098 2576 Νικάνορι,

42 2596 86 2659 καί
107 2581 345 2678 κεγρηματικώς
367 2590 401 2658 ἐν
419 2586 586 2678 Ὀλυμπίᾳ
610 2593 689 2678 περὶ
713 2589 757 2659 ὧν
781 2593 976 2680 ἐβουλήθης,
1002 2593 1100 2659 ἐλεει-

42 2695 88 2762 νόν
109 2700 164 2765 νύν
188 2694 327 2762 σεαυτὸν
349 2693 597 2774 κατασκευάζεις
619 2696 785 2781 προδότης
808 2689 853 2760 ιάν
878 2694 933 2760 καὶ
955 2691 1100 2779 δωροδό-

15 2827 16 2830 ’
41 2825 94 2878 κος,
118 2796 164 2878 ὦς
187 2795 530 2882 ἐπιμελησομένους
551 2794 687 2874 τούτους
705 2800 762 2885 τῆς
779 2799 837 2885 σῆς
852 2802 1021 2883 πονηρίας,
1046 2800 1100 2865 καί

41 2899 69 2968 νύ
91 2903 209 2968 δώσων
240 2897 329 2986 δίκην
359 2897 443 2983 ύπὲρ
473 2893 519 2964 ὦν
550 2901 686 2985 ε’ίληψαι
716 2899 921 2987 πεποιηκώς,
952 2901 1099 2989 τοσούτῳ
1113 2909 1174 2971 104

40 3004 270 3091 τολμηρότερον
299 3001 474 3087 Δημάδου,
505 2996 595 3067 ὥσθ’
624 2997 641 3066 ὅ
670 3003 729 3086 μέν
759 3001 963 3089 προειρηκώς
990 3002 1024 3070 ἐν
1053 3013 1101 3093 τῷ

40 3109 123 3198 δήμῳ
145 3105 205 3172 τόν
228 3103 345 3172 ἑαυτοῦ
367 3104 493 3187 τρόπον
523 3103 577 3171 καί
604 3104 661 3194 τὴν
691 3103 873 3186 ἀπόνοιαν,
903 3110 957 3173 καί
981 3102 1102 3190 όμολα-
1129 3169 1133 3176 .

38 3215 93 3294 γῶν
116 3206 372 3292 λαμβάνεινκαὶ
395 3207 581 3296 λήψεσθαι,
606 3204 694 3291 ὅμως
717 3201 755 3272 ού
777 3207 957 3294 τετόλμηκε
971 3209 1102 3288 τούτοις

40 3331 239 3342 .-.....——-=

15 3391 16 3394 ’
95 3377 158 3444 101,
178 3380 193 3429 2
217 3379 262 3429 καὶ
283 3381 343 3446 post
360 3371 460 3430 δεινῶν
483 3395 533 3432 om.
550 3379 585 3444 Δ,
608 3374 705 3432 δεινῶε
721 3375 893 3450 παρανόμων
910 3378 1011 3432 Bekker
1029 3385 1048 3434 t.
1066 3408 1102 3418 —

38 3444 140 3517 λείσήγ
157 3443 234 3498 τίεται
251 3446 277 3497 in
295 3447 408 3510 margine
423 3447 465 3499 A&
484 3476 517 3486 —
535 3451 550 3500 5
569 3444 601 3500 τὸ
695 3443 824 3516 ψήφισμα
841 3446 910 3499 ANt:
930 3463 993 3500 corr.
1005 3447 1101 3500 Reiske

36 3545 61 3556 —
79 3465 171 3570 πολλὰ
186 3514 226 3566 bis
244 3514 330 3566 intulit
347 3515 427 3582 Apu,
445 3515 515 3583 prius
529 3516 630 3583 punctis
642 3515 734 3568 additis
748 3516 868 3568 deletum.
885 3543 919 3552 —-
937 3518 952 3567 6
970 3509 1101 3568 οὐδέποτε

36 3583 60 3638 N.
79 3614 113 3624 -
132 3589 146 3636 7
166 3585 220 3634 τοῖε
236 3581 258 3632 Α
277 3599 323 3650 pr„
344 3582 391 3648 τῆτ
408 3581 442 3633 A²
459 3612 492 3622 -
510 3585 541 3634 ἐν
557 3583 599 3649 τῷ
615 3583 646 3647 Ν,
664 3583 696 3638 εί.
716 3584 733 3636 G
751 3601 777 3652 p.
790 3588 831 3636 11.
847 3612 881 3621 -
898 3583 960 3646 102,
979 3587 995 3636 4
1012 3601 1101 3653 παρα-

35 3650 190 3752 κρούσηρθε
210 3650 247 3769 {2⁹¹
271 3647 474 3730 παρακρούσετε
495 3651 532 3702 A:
557 3667 620 3703 corr.
638 3650 746 3732 Βάλλαν.
771 3680 804 3690 -
829 3653 843 3704 8
867 3645 905 3768 οόέ
922 3651 965 3703 τῶ
987 3650 1033 3702 ΝΑ
1051 3666 1101 3730 ρης

15 3725 16 3776 ¹
34 3723 200 3841 ἓίίλλνῖ
215 3737 262 3824 -7
262 3718 1102 3855 ⁰0⁹3}szss·N.·.1⁰s³’2‡⁴2'²‚52‘22}1;‚„5st{12112032250’3351

34 3855 177 3925 λησμένονε
193 3853 295 3909 Reiske.
319 3883 353 3893 —
376 3858 392 3908 9
410 3857 472 3924 περὶ
490 3855 512 3906 Δ
526 3869 576 3940 ,9¹⁰³
593 3849 661 3925 ύπίρ
678 3855 771 3934 A¹.,-
788 3851 850 3920 1⁰4,
868 3855 883 3906 3
901 3852 952 3908 τάν
970 3851 1052 3910 αότοῦ
1070 3854 1102 3920 Α,

34 3923 79 3977 τάν
99 3919 183 3975 αὑτοῦ
202 3927 220 3975 t.
238 3952 270 3961 —
288 3925 305 3975 4
322 3919 485 3991 τετόλμηκεν
503 3924 592 3975 συτοῖε
608 3924 638 3976 Α.
