2668 4558
231 220 356 274 causan
374 183 575 272 HARPAIAIIAII
593 216 781 270 DESCRIPTIO
800 217 923 280 naevis.
1064 216 1105 268 llll

33 395 228 468 eraduntur,
251 395 286 454 dc
303 393 478 474 Crippsiano
504 402 533 453 et
556 392 718 453 Oxoniensi
733 391 930 472 Antiphontis,
959 389 1105 462 Dinarchi,
1181 427 1184 434 ·

31 498 170 579 Lycurgi
192 496 357 569 codicibus,
380 497 449 557 diss.
476 495 572 556 Berol.
599 496 694 570 teum
726 494 873 566 Hnrtlein,
903 492 1027 554 Hermae
1049 493 1105 554 vol.

30 601 117 674 XIII,
138 604 175 666 13
189 619 249 679 sq.;
275 599 420 671 Gebauer‚
440 598 477 658 de
492 598 658 677 argumenti
674 614 707 657 ex
723 605 817 656 contr.
833 597 944 670 lormis,
967 595 1105 657 Zwiccav.

32 707 123 768 1877
142 712 172 764 et
182 703 286 784 Lysiae
303 721 346 762 or.
363 701 495 774 selectae,
518 698 586 760 libri
604 699 796 778 Frohherger.
812 699 857 760 ed.
870 699 905 769 II,
921 699 999 780 Lips.
1016 701 1105 763 1880.

127 805 191 886 Ego
214 804 419 866 Turicensium
441 803 497 880 (ed.
519 803 589 864 Tur.
612 803 786 867 1839—43.
810 805 838 864 A.
860 830 903 852 =
924 801 946 878 t)
969 802 1105 864 lectioni·

27 911 95 971 bus
119 917 266 988 perpetuo
282 907 417 969 adhibitis
438 926 488 968 eos
503 906 594 978 locos,
618 906 668 985 qui
691 905 735 965 vel
757 924 773 965 a
796 904 877 965 libris
899 906 1104 984 manuscriptis

30 1011 189 1074 recedunt
202 1011 246 1072 rel
262 1011 314 1070 alia
330 1009 365 1070 de
381 1027 466 1070 causa
482 1009 553 1069 mihi
569 1027 633 1070 esse
649 1007 778 1068 incertae
794 1007 956 1086 scripturae
967 1007 1106 1068 videban-

34 1123 102 1187 tur,
118 1114 209 1174 literis
224 1113 349 1175 diductis
364 1112 496 1192 insignes
512 1111 640 1187 reddidi;
664 1129 777 1182 eorum,
793 1128 868 1189 quae
883 1111 946 1188 ipsc
960 1110 1107 1189 temptavi,

34 1216 168 1276 Hermae
190 1214 391 1276 Berolinensis
412 1214 467 1274 vol.
490 1213 625 1294 proximo
648 1213 778 1274 rationes
800 1212 968 1274 redditurus
990 1231 1064 1274 sum.

127 1366 490 1428 ScribebamVratislaviae
503 1367 630 1426 calendis
643 1365 810 1427 Februariis
818 1364 1106 1426 unccctxxxvu.

474 1657 674 1664 ————m-

176 1977 318 2044 exuste
340 1977 575 2046 IIARPAIIGAII
597 1976 809 2046 DESCRIPTIO
832 1978 973 2046 BllIlVIS.

128 2239 281 2334 Harpalus,
304 2253 482 2334 Babyloniae
504 2255 679 2334 praelectus,
703 2273 769 2316 curn
785 2255 982 2317 Alexandrum
1004 2275 1104 2338 regem

34 2355 75 2417 ab
99 2355 289 2435 expeditione
311 2347 411 2417 Indica
434 2374 621 2418 reversurum
645 2357 757 2419 diffisus
778 2359 911 2420 luxuriae
940 2367 968 2420 et
994 2361 1105 2441 rapinis

32 2478 67 2521 se
91 2458 264 2532 dedidisset,
294 2459 488 2520 Athenienses
517 2459 656 2538 frumenti
685 2479 791 2540 magna
818 2461 903 2540 copia
925 2463 1031 2523 donata
1054 2463 1105 2522 de-

35 2560 132 2620 vinxit
155 2569 198 2634 ct,
227 2559 278 2620 uhi
301 2561 497 2622 Alexandrum
525 2571 643 2640 praeter
671 2562 843 2642 opinionem
871 2564 981 2624 salvum
1007 2563 1104 2624 redire

39 2661 190 2739 cognovit,
214 2662 328 2740 ingenti
349 2663 475 2741 pecunia
497 2672 526 2724 ot
546 2665 797 2726 mercenariorum
819 2685 871 2726 sex
890 2665 1008 2726 milibus
1023 2684 1104 2727 com-

36 2764 149 2842 paratis
178 2763 299 2844 triginta
325 2765 447 2826 navibus
469 2784 504 2826 ex
526 2765 591 2826 Asia
614 2767 739 2829 Sunium
760 2776 861 2829 vectus
882 2768 1104 2830 Atheniensium

33 2865 147 2927 tutelae
169 2885 233 2928 sese
256 2867 413 2928 mandavit.
450 2866 509 2938 Qui
530 2885 598 2928 cum
619 2869 719 2949 copias
740 2877 837 2930 tantas
858 2869 941 2930 veriti
957 2889 1020 2931 eam
1035 2891 1103 2950 pre-

37 2987 104 3030 cem
119 2968 363 3048 repudiavissent,
385 2969 527 3032 militibus
543 2971 708 3033 Taenarum
723 2972 864 3045 deductis
888 2991 946 3051 quo
962 2992 996 3034 ea
1011 2981 1103 3034 aetate

38 3071 220 3132 conducticii
236 3073 434 3146 confluebant,
457 3074 520 3153 ipse
536 3093 604 3136 cum
618 3075 762 3155 pecuniae
777 3083 861 3154 parte
876 3076 1000 3157 supplex
1014 3076 1103 3138 Athe-

38 3192 93 3234 nas
115 3191 249 3236 reversns
271 3194 286 3235 a
301 3177 411 3256 populo
429 3176 592 3239 admittitur
615 3185 643 3239 et
658 3178 863 3259 largitionibus
878 3179 971 3240 studia
987 3179 1101 3250 civium,

36 3276 89 3355 qui
112 3278 190 3357 apud
212 3277 329 3358 plebem
351 3281 522 3342 auctoritate
544 3279 691 3352 valebant,
721 3280 776 3342 sibi
799 3281 936 3343 conciliat
957 3291 1044 3360 atque
1067 3280 1101 3341 ad

34 3380 147 3440 bellum
170 3380 393 3444 Macedonicum
414 3383 525 3444 incitat.
564 3383 622 3444 Sed
644 3391 800 3463 postquam
823 3403 884 3445 non
906 3384 1003 3446 solnm
1017 3382 1102 3443 Anti·

33 3491 120 3563 pater
142 3491 172 3544 et
194 3483 341 3568 Olympias
363 3505 464 3548 verum
487 3486 573 3548 etiam
595 3487 754 3547 Alexandri
776 3488 896 3548 nomine
911 3486 1100 3556 Philoxenum

34 3585 120 3648 Asiae
144 3587 320 3666 praelectus,
343 3587 503 3670 Harpalum
524 3588 706 3669 expoposcit,
727 3591 854 3674 populus
875 3585 1100 3650 Atheniensium

38 3689 235 3752 Demosthene
251 3701 374 3771 rogante
390 3692 552 3766 constituit,
574 3699 608 3753 ut
623 3700 652 3752 et
673 3692 721 3754 ille
744 3703 773 3754 et
794 3692 919 3774 pecunia
942 3691 1025 3752 allata
1046 3710 1101 3772 pn-

38 3790 114 3853 blice
140 3791 368 3869 custodirentur,
398 3792 495 3873 quoad
517 3792 683 3856 Alexander
703 3794 839 3856 homines
861 3801 967 3867 certos,
995 3795 1103 3874 quihus

39 3895 235 3971 traderentur,
258 3895 393 3958 misisset.
438 3895 583 3976 Harpalus
610 3915 679 3958 vero
705 3897 802 3977 paullo
826 3904 893 3976 post
915 3915 948 3958 ex
971 3899 1102 3960 custodia

37 3998 123 4078 sugit,
145 4000 276 4079 primum
290 3998 465 4074 Taenarum,
489 3999 595 4059 deinde
618 3999 732 4059 Cretam
754 4017 785 4057 se
807 3999 940 4071 contulit,
963 4000 1063 4076 ibique
1085 4019 1102 4060 a
