2668 4558
227 175 272 234 34
678 171 861 225 ΔΕΙΝΑΡΧΟΥ

229 347 432 429 Κτησίππου
458 343 512 410 καλ
538 337 733 424 Φορμίωνος
754 343 807 406 καὶ
833 339 951 422 ἑτέρων
975 339 1109 405 πολλῶν
1132 339 1304 406 πλουσιόν

229 470 328 514 τατσν
352 442 430 511 ὄντα
451 447 517 510 τῶν
540 443 572 510 έν
595 445 635 530 τῇ
658 442 772 522 πόλει,
804 436 880 508 ἀντὶ
906 439 939 506 δ’
965 435 1110 525 ἀγνῶτος
1131 445 1187 508 καὶ
1217 441 1307 509 οὐδε-

230 555 308 629 μίαν
336 546 498 632 πατρικὴν
527 544 624 625 δόξαν
651 546 745 629 παρὰ
766 548 832 611 τῶν
855 544 1028 628 προγόνων
1050 544 1305 630 παρειληφότος

230 650 361 728 ἔνδοξον
383 653 602 733 γεγενημένον,
625 645 683 733 τὴν
707 647 743 713 δέ
767 645 868 711 πόλιν
892 643 950 710 οὐκ
973 640 1073 724 άξίως
1091 644 1217 731 ἑαυτῆς
1235 645 1306 713 οὐδὲ

151 777 153 781 ’
228 755 289 838 τῆς
311 752 376 816 τῶν
399 748 570 833 προγόνων
594 745 690 833 δόξης
714 749 927 832 διακειμένην.
973 740 1112 832 άφέντες
1142 737 1212 814 οὗν·
1237 749 1307 826 τοὺς

231 855 343 929 έλέους
364 853 417 917 καλ
432 850 508 929 τοὺς
524 847 745 934 φενακισμοός
767 849 844 926 τούς
868 848 985 914 τούτου
1007 846 1065 937 τήν
1089 844 1223 916 ὁσίαν
1247 853 1310 916 καὶ

232 956 400 1020 δικαίαν
430 959 546 1038 φέρετε
575 955 693 1038 ψῆφον
701 1002 710 1031 ,
747 951 802 1018 καὶ
839 955 994 1018 σκοπεῖτε
1027 949 1066 1014 τό
1094 954 1136 1037 τῇ
1166 957 1310 1035 πατρίδι

232 1062 410 1141 συμφέρον,
433 1055 478 1144 μή
500 1054 539 1119 τὸ
561 1053 792 1141 Δημοσθένει·
816 1061 913 1120 τοῦτο
936 1052 996 1136 γάρ
1021 1053 1092 1118 ἐστι
1115 1054 1231 1120 καλῶν
1256 1050 1310 1120 κά-

159 1161 347 1244 112γαθῶν
370 1158 531 1222 δικαστῶν
554 1158 656 1240 ἔργον.
694 1155 749 1221 καὶ
772 1152 851 1221 όταν
875 1149 1034 1240 ἀναβαίνῃ
1057 1181 1108 1232 τις
1125 1159 1327 1246 συνηγορή-;

233 1285 299 1327 σων
325 1264 553 1346 Δημοσθένει,
585 1258 757 1340 λογίζεσθε
788 1253 840 1322 ὅτι
871 1251 967 1335 οὗτος
999 1253 1016 1320 δ
1047 1253 1257 1341 άνθρωπος,
1283 1262 1308 1325 εί

232 1363 292 1448 μὲν
314 1361 358 1450 μὴ
383 1361 495 1443 ἔνοχος
518 1353 563 1425 άίν
586 1365 659 1436 ταῖς
676 1359 876 1442 μελλούσαις
892 1354 1105 1444 ἀποφάσεσιν
1121 1355 1297 1446 ἀναβαίνει,

232 1464 389 1542 κακόνους
412 1463 479 1528 ἐστὶ
503 1466 544 1549 τῇ
567 1464 731 1548 πολιτείᾳ,
757 1462 926 1538 καὶτοὺς
950 1461 1007 1528 έπὶ
1028 1465 1075 1549 τῷ
1099 1463 1194 1551 δήμῳ
1222 1469 1304 1544 δῶρα

233 1565 459 1650 λαμβάνοντας
482 1559 521 1629 οὗ
543 1563 743 1647 βουλόμενος
766 1565 856 1650 δίκην
879 1566 1003 1642 δοῦναι,
1034 1568 1088 1628 καὶ
1109 1562 1169 1653 τήν
1192 1566 1328 1651 κοινήν,

233 1671 299 1736 τῶν
322 1662 484 1748 ὑμετέρων
509 1665 671 1747 σωμάτων
699 1658 862 1751 φυλακήν,
893 1659 949 1749 ἐφ’
974 1657 995 1752 ᾗ
1027 1670 1181 1733 τέτακται
1208 1669 1253 1733 τό
1277 1668 1305 1732 έν

228 1765 348 1855 Ἀρείῳ
372 1765 468 1852 πάγῳ
492 1769 672 1851 συνέδριον,
696 1767 923 1852 καταλυθῆναι
944 1765 1099 1849 βούλεται
1121 1771 1176 1834 καὶ
1194 1792 1305 1853 συγκε-

231 1871 359 1956 χύσθαι
392 1869 503 1935 πάντα
531 1870 573 1934 τόν
600 1869 634 1936 έν
663 1873 702 1956 τῇ
731 1868 829 1934 πόλει
858 1869 985 1933 δίκαια·
1021 1868 1049 1934 εἰ
1079 1871 1114 1936 δὲ
1143 1871 1261 1958 ῥήτωρ
1290 1863 1304 1958 ἢ

235 1970 424 2059 στρατηγός,
457 1975 490 2038 οἳ
511 1971 569 2057 τήν
592 1973 868 2057 προσδοκωμένην
889 1966 972 2037 καθ’
997 1967 1105 2038 αὑτῶν
1127 1972 1300 2061 ἀπόφασιν
1328 2005 1329 2018 ¹

235 2075 379 2144 ἄπιστον
389 2073 587 2159 βουλόμενοι
602 2073 760 2156 γενέσθαι
776 2075 1020 2158 συνηγοροῦσιν,
1045 2069 1083 2139 οὗ
1102 2084 1306 2157 προσεκτέον

235 2173 312 2259 ὖμῖν
336 2177 405 2242 ἐστι
426 2179 498 2253 τοῖς
520 2174 644 2242 τούτων
667 2173 786 2256 λόγοις,
810 2173 938 2251 εἰδότας
957 2171 1009 2239 ότι
1025 2174 1058 2242 έν
1074 2176 1208 2242 πάντων
1224 2177 1307 2243 τοά-

235 2304 301 2344 των
329 2284 545 2360 γεγένηται
571 2282 724 2359 συνεργία
745 2278 821 2358 περὶ
844 2276 901 2343 τὸν
920 2273 1090 2361 Ἁρπάλου
1112 2279 1309 2344 κατάπλουν

163 2380 290 2447 113καὶ
305 2379 363 2463 τήν
379 2376 508 2462 άφεσιν.
547 2382 739 2458 νομίσαντες
762 2367 828 2456 οὖν,
852 2363 879 2442 ὦ
901 2374 1088 2464 Ἀθηναῖοι,
1110 2377 1192 2443 καθ’
1209 2375 1312 2460 ὖμῶν

235 2480 365 2558 πάντας
386 2479 522 2558 τούτους
544 2474 733 2562 ἀναβαίνειν
755 2481 809 2544 καλ
832 2480 962 2558 κοινοὺς
984 2479 1121 2564 έχθρσὺς
1137 2473 1305 2547 εἶναιτῶν

236 2582 346 2667 νόμων
374 2585 427 2650 καὶ
452 2585 509 2671 τῆς
537 2581 667 2658 πόλεως
697 2579 844 2667 ἁπάσης,
881 2581 925 2670 μή
960 2581 1169 2665 ἀποδέχεσθε
1198 2582 1307 2648 αὐτῶν

236 2684 330 2772 (τοὺς
343 2683 589 2774 φενακισμούς),
615 2677 699 2749 άλλὰ
720 2683 864 2750 κελεύετε
884 2677 1131 2767 ἀπολογεῖσθαι
1146 2685 1226 2769 περὶ
1241 2687 1304 2749 τῶν

237 2793 521 2874 κατηγορημένων·
557 2787 639 2871 μηδὲ
659 2786 721 2872 τήν
743 2782 846 2852 αὐτοῦ
868 2785 987 2851 τούτου
1010 2793 1139 2868 μανίαν,
1165 2784 1202 2865 ὃς
1224 2787 1300 2872 μέγα

239 2897 357 2972 φρονεῖ
385 2887 443 2955 ἐπὶ
464 2890 511 2974 τῷ
536 2888 703 2955 δύνασθαι
725 2887 845 2970 λέγειν·
869 2881 955 2953 ἀλλ’
982 2887 1145 2970 ἐπειδή,
1170 2885 1219 2954 ἂν
1244 2913 1297 2976 φο·

239 2986 331 3071 νερὸς
352 2983 428 3069 ὗμῖν
450 2996 583 3075 γένηται
610 2991 819 3071 δωροδοκῶν,
850 2989 898 3054 ἔτι
927 2990 1051 3070 μᾶλλον
1080 2989 1302 3075 ἐξελήλεγκται

240 3089 420 3175 φενακίζων
442 3084 539 3172 ὑμᾶς,
568 3090 804 3177 τιμωρήσασθε
833 3085 927 3170 δμῶν
956 3085 1062 3157 αὐτῶν
1084 3091 1139 3157 καὶ
1161 3095 1222 3177 τῆς
1245 3088 1302 3157 πό-

240 3194 322 3269 λεως
345 3190 454 3270 ἀξίως.
499 3193 527 3258 εἰ
551 3195 586 3260 δὲ
607 3192 662 3278 μή,
688 3195 750 3279 μιᾷ
776 3187 883 3280 ψήφῳ
905 3193 960 3260 καὶ
982 3193 1031 3261 ἑνὶ
1053 3191 1155 3277 άγῶνι
1179 3194 1303 3268 πάντας

308 3364 325 3413 4
343 3358 544 3428 πλουσιώτερον
561 3363 590 3413 Α.
608 3390 642 3400 -
659 3367 674 3416 7
692 3361 740 3427 τῆτ
756 3363 836 3430 Δρτ,
854 3360 906 3428 τήν
919 3364 962 3415 A¹.
980 3392 1013 3402 -
1031 3366 1046 3416 9
1064 3361 1117 3428 τὴν
1134 3359 1247 3416 δικαίαν
1263 3363 1304 3413 καὶ

239 3427 293 3496 τὴν
312 3423 393 3482 δσίαν
411 3430 441 3482 Ν.
459 3459 492 3467 -
511 3433 539 3481 11
559 3427 597 3496 μή
613 3431 655 3495 τῷ
672 3428 696 3485 δ.
716 3431 738 3483 N
755 3461 789 3470 -
806 3428 891 3483 καλὸν
907 3427 1033 3502 τάγαθὸν
1051 3429 1081 3485 Ν.
1106 3461 1139 3468 -
1156 3431 1215 3494 112,
1237 3435 1250 3485 1
1268 3443 1306 3481 τιε

241 3535 376 3552 ..........
383 3495 460 3563 ήσων
477 3497 499 3549 N
518 3513 568 3564 ρο,
591 3512 654 3551 corr.
672 3499 694 3549 Ν
699 3501 715 3551 ¹.
733 3502 800 3553 -2
822 3500 898 3552 verba
917 3496 1060 3569 λογίζεσθε
1077 3493 1120 3550 ὅτι
1138 3485 1214 3550 οὗτοι
1231 3497 1247 3551 ὃ
1263 3496 1304 3549 όν

242 3565 357 3635 θρωποε
374 3566 399 3617 in
418 3567 529 3633 margine
542 3565 598 3652 εδδ.
611 3566 663 3650 §²3
672 3595 706 3606 -
724 3569 739 3620 3
757 3564 925 3634 ἆποβάσεσιν
942 3573 964 3618 Α
977 3583 1025 3654 ηε.ζ
1041 3583 1104 3650 εστι,
1117 3567 1159 3618 Αῑ.
1178 3595 1209 3604 -
1229 3571 1247 3618 4
1263 3567 1305 3618 καὶ

243 3631 562 3755 32⁸{53232113122550‘3
585 3637 756 3756 Wffl
771 3629 1305 3773 λ’ἵὲῗηλλλαλελῗῖολῗλῗὲλιζζ

243 3795 274 3805 -
297 3769 357 3830 113,
375 3775 393 3822 4
414 3769 476 3823 τοδε
494 3790 522 3841 φ.
540 3769 597 3821 εδδ.
640 3775 757 3838 pennu,
781 3787 831 3822 om.
850 3779 861 3823 t
883 3799 916 3809 -
941 3769 1148 3826 ........σθαι
1170 3769 1209 3833 (st.
1228 3786 1303 3832 κατη-

241 3841 328 3906 γορη)
347 3839 367 3887 Α
386 3854 436 3905 pr„
459 3834 658 3908 άπολογεῖσθαι
674 3839 740 3890 A1N.
758 3868 792 3878 —
810 3842 826 3892 6
844 3842 888 3890 καὶ
906 3834 1018 3891 έπιιδολν
1034 3839 1104 3890 ANt:
1128 3837 1160 3889 de
1178 3852 1236 3890 meo
1254 3853 1304 3890 mu-

242 3904 296 3954 tavi
311 3930 345 3940 -
363 3906 486 3975 φανερῶς
503 3907 534 3958 Ν.
551 3934 584 3945 -
602 3911 617 3958 ’ί
636 3900 679 3961 ὅτι
695 3903 800 3972 μᾶλλον
817 3912 835 3958 λ.
852 3935 886 3944 -
904 3907 919 3957 8
942 3924 1052 3973 φαινοικ.
1070 3908 1092 3957 Α
1111 3921 1162 3972 pn,
1185 3921 1248 3958 corr.
1265 3904 1304 3957 λ’.
