2668 4558
228 165 267 224 12
675 168 856 222 ΔΕΙΝλΡΧΟΥ

227 330 342 403 σποιν’
363 334 493 422 Ἀθηνᾶ
518 335 573 403 καλ
594 343 660 403 Ζεῦ
683 344 802 422 σῶτερ,
833 337 1027 421 συμβούλων
1054 341 1109 406 καὶ
1129 334 1308 426 ήγεμόνων

173 451 202 502 95
225 435 351 524 ὤφελον
375 447 482 521 τυχεῖν
505 437 537 504 οἱ
559 437 804 525 πολεμήσαντες
823 439 829 524 Ι
848 441 906 528 τὴν
928 438 1037 519 πόλιν,
1061 443 1114 507 καὶ
1130 440 1308 528 μηδέποτε

224 538 411 623 βελτιόνων.

175 648 215 710 37
314 641 382 709 ofin
404 638 652 732 ἀναμνήσεσθε,
682 635 862 726 ῶάνδρες,
891 645 951 722 τὰς
975 652 1042 710 τῶν
1065 643 1307 729 πρεσβυτέρων

224 742 372 826 πράξεις,
395 747 430 810 οἳ
450 743 599 828 μεγάλων
621 745 678 811 καὶ
700 745 833 811 πολλῶν
854 746 1013 813 κινδύνων
1029 747 1308 830 καταλαμβανόν-

223 869 288 910 των
311 844 371 933 τήν
396 845 496 912 πόλιν
519 839 620 926 άξίως
642 855 702 934 τῆς
724 847 887 930 πατρίδος
907 849 961 913 καί
984 856 1044 936 τῆς
1066 848 1192 915 ἑαυτῶν
1208 847 1309 916 ἐλεο-

223 953 341 1032 θερίας
362 950 416 1015 καὶ
439 957 499 1038 τῆς
522 949 617 1036 δόξης
639 956 699 1036 τῆς
722 949 851 1026 δικαίας
873 945 958 1033 ύπὲρ
979 956 1044 1014 τῶν
1060 957 1120 1016 τοῦ
1136 952 1306 1036 δημοσίου

223 1049 459 1136 συμφερόντων
483 1051 726 1132 έκινδύνευσαν;
747 1043 794 1116 ῶν
814 1050 891 1127 τούς
905 1052 965 1132 μὲν
982 1045 1139 1135 ἀρχαίους
1155 1052 1307 1131 ἐκείνους

223 1152 347 1237 μυκρδν
370 1148 410 1219 άν
434 1153 483 1237 ε’ίη
507 1151 627 1237 λέγειν,
653 1146 857 1238 Ἀριστείδην
880 1157 934 1217 καὶ
958 1153 1197 1235 Θεμιστοκλέα,
1222 1156 1307 1233 τούς

225 1251 440 1339 ὀρθώσαντας
470 1255 511 1319 τὰ
539 1259 626 1340 τείχη
656 1257 715 1342 τῆς
746 1253 877 1332 πόλεως
906 1254 961 1322 καὶ
987 1256 1067 1332 τούς
1096 1257 1222 1343 φόρους
1254 1259 1307 1337 εἷς

224 1355 404 1440 ἀκρόπολιν
442 1352 670 1440 ἀνενεγκόντας
707 1352 792 1440 παρ’
822 1356 961 1424 ἑκόντων
997 1356 1052 1424 καὶ
1087 1358 1305 1443 βουλομένων

173 1462 288 1540 38τῶν
313 1454 484 1544 Ἑλλήνων,
516 1453 599 1525 άλλδι
629 1463 724 1525 ταυτί
753 1457 795 1526 τά
821 1460 937 1543 μικρὸν
966 1459 1032 1543 πρὸ
1055 1463 1112 1549 τῆς
1135 1458 1306 1549 ήμετέρας

223 1557 353 1648 ήλικίας
380 1566 573 1647 γεγενημένα
602 1557 668 1628 ύπδ
696 1560 852 1648 Κεφάλου
880 1569 940 1628 τοῦ
967 1561 1105 1651 ῥήτορος
1130 1563 1185 1630 καὶ
1209 1564 1305 1647 Θρά-

223 1685 328 1740 σωνος
361 1670 420 1730 τοῦ
443 1661 593 1746 Ἐρχιέως
626 1666 680 1730 καὶ
703 1659 872 1732 Ἠλείου
904 1663 992 1751 (καὶ)
1020 1663 1206 1749 Φορμισίου
1242 1670 1305 1730 καὶ

223 1765 341 1849 ἑτέρων
375 1759 502 1847 άνδρῶν
536 1763 690 1851 άγαθῶν,
731 1761 777 1834 ῶν
806 1766 900 1834 ἐνίων
932 1767 981 1834 έτι
1014 1770 1068 1833 καί
1102 1774 1158 1832 νῦν
1188 1767 1224 1852 ζή
1253 1768 1305 1832 τά

222 1866 368 1951 σώματα.
404 1865 531 1935 τούτων
553 1869 614 1953 γὰρ
637 1869 670 1934 οἱ
691 1871 752 1952 μέν
777 1874 1022 1956 φρουρουμένης
1044 1864 1109 1936 ύπδ
1125 1869 1304 1935 Λακεδαι-

221 1967 345 2053 μονίων
373 1977 434 2056 τῆς
458 1971 628 2053 Καδμείας
654 1972 883 2061 βοηθήσαντες
912 1982 984 2051 τοῖς
1012 1971 1059 2050 εἷς
1083 1971 1197 2060 Θήβας
1219 1998 1304 2038 κατ-

223 2081 313 2139 ιοῦσι
347 2075 412 2139 τῶν
449 2072 603 2159 φυγάδων
639 2078 711 2152 τοῖς
739 2074 837 2152 ἰδίοις
867 2073 1028 2151 κινδύνοις
1058 2068 1301 2161 ήλευθέρωσαν

173 2178 212 2240 39
223 2174 322 2240 πόλιν
346 2173 559 2258 ἀστυγείτονα
588 2177 641 2242 καὶ
665 2175 771 2241 πολύν
797 2175 912 2259 χρόνον
937 2175 1172 2256 δουλεύουσαν,
1203 2175 1237 2242 οἳ
1261 2175 1325 2251 δέ,

222 2282 397 2353 πείσαντες
422 2275 571 2354 ἐξελθεῖν
586 2273 679 2360 ύμῶν
693 2276 771 2353 τούς
793 2276 1042 2361 προγόνους,
1066 2277 1224 2361 Κεφάλου
1249 2277 1299 2342 τὸ

221 2376 383 2464 ψήφισμα
405 2377 604 2463 γράψαντος,
634 2375 671 2456 ὃς
693 2371 731 2443 ού
753 2377 973 2461 καταπλαγεὶς
998 2376 1057 2461 τὴν
1079 2377 1301 2458 Λακεδαιμο-

221 2485 299 2546 νίων
323 2479 469 2564 δύναμιν,
494 2473 573 2548 ούδέ
596 2479 810 2564 λογισάμενος
832 2473 884 2544 ύτι
905 2475 945 2543 τδ
965 2476 1161 2546 κινδυνεύειν
1183 2477 1238 2544 καὶ
1254 2479 1297 2544 τὸ

220 2581 360 2669 γράφειν
382 2578 466 2666 ὑπὲρ
488 2586 548 2673 τῆς
570 2582 700 2660 πόλεως
718 2581 903 2668 ἐπισφαλές
926 2580 1024 2663 έστιν,
1048 2581 1190 2666 έγραψεν
1212 2579 1297 2659 ἒξιέ-
1321 2631 1322 2719 η

222 2708 277 2749 ναι
297 2683 532 2773 βοηθήσοντας
551 2679 755 2770 Ἀθηναίους
777 2697 848 2762 τοῖς
870 2683 1087 2770 κατειληφόσι
1106 2691 1171 2748 τῶν
1188 2682 1293 2769 φυγά-

222 2786 287 2851 δων
312 2785 440 2874 Θήβας·
473 2789 526 2853 καλ
556 2784 760 2865 ἐξελθόντων
789 2784 895 2854 έκεῖσε
917 2794 981 2852 τῶν
1003 2782 1167 2867 ύμετέρων
1190 2791 1293 2850 πατέ-
1318 2813 1319 2820 “

220 2912 287 2970 ρων
324 2881 450 2972 όλίγαις
479 2882 616 2975 ήμέραις
645 2886 806 2977 έξεβλήθη
836 2882 853 2952 δ
882 2887 1160 2969 Λακεδαιμονίων
1191 2885 1292 2971 φρού-
1319 2927 1320 2934 ν

219 3012 352 3073 ραρχος,
383 2985 642 3077 ήλευθὲρωντο
668 2993 828 3075 Θηβαῖοι,
861 2989 1083 3084 διεπέπρακτο
1106 2982 1125 3073 ή
1149 2983 1287 3075 πόλιςή

169 3095 209 3155 40
220 3088 357 3174 ύμετέρα
389 3087 465 3170 άξια
495 3093 560 3158 τῶν
590 3090 772 3176 προγόνων.
822 3090 939 3156 ἐκεῖνοι
969 3083 1069 3179 ήσαν,
1101 3090 1233 3168 ἐκεῖνοι,
1264 3077 1288 3154 ῶ
1318 3131 1319 3187 η

217 3192 412 3279 Ἀθηναῖοι,
443 3190 532 3272 άξιοι
560 3193 742 3278 σύμβουλοι
770 3192 824 3260 καὶ
852 3188 1006 3280 ήγεμύνες
1033 3188 1123 3276 ύμῶν
1152 3191 1205 3260 καὶ
1231 3196 1287 3259 τού
1317 3255 1318 3260 ,

287 3368 301 3417 7
324 3359 424 3433 ὄφελον
441 3363 487 3415 ΝΑ
505 3378 563 3446 pr„²
579 3379 642 3444 τοτε.
653 3363 697 3415 λ’
712 3363 806 3445 :⁷2⁸1
824 3361 903 3417 πόλει
920 3363 1079 3445 ὃξερλιεοοε,
1103 3364 1149 3418 sed
1170 3365 1202 3416 cf.
1219 3364 1285 3445 Βειη.

218 3432 302 3497 xxm,
317 3436 373 3487 165.
391 3461 423 3470 —
441 3431 513 3498 θλ,3
532 3450 626 3483 αυτων
637 3431 668 3498 Α,
686 3450 779 3483 αυτων
797 3441 814 3486 t.
832 3462 865 3470 —-
884 3436 900 3485 4
917 3448 965 3497 τηε
976 3432 1075 3487 οἰκείαε
1086 3432 1225 3495 Markland,
1241 3448 1286 3498 τηε

217 3498 337 3554 παλαιᾶν
354 3497 462 3563 Βολιλιεε,
481 3499 528 3564 τῆε
544 3495 658 3568 ἀρχαίας
671 3499 774 3580 Sauppe
791 3529 825 3539 —
842 3496 929 3566 δήμου
946 3501 978 3567 N,
997 3501 1061 3552 ολδ
1079 3519 1104 3569 p.
1119 3506 1143 3554 7.
1160 3530 1194 3539 —
1210 3500 1253 3566 38,
1270 3502 1283 3552 3

219 3589 276 3640 ,ρχι
286 3610 293 3622 .
305 3609 311 3623 .
323 3607 329 3620 .
341 3584 376 3620 ωε
393 3569 415 3618 Α
432 3584 478 3676 ρ-ιῖ,
497 3582 560 3620 corr.
573 3568 608 3650 Af
625 3597 660 3608 —
677 3563 767 3648 ήλιουι
786 3569 957 3689 σοιτῐΒ-ολελιέ
974 3566 1284 3689 -δκηιέςεηὲδ-Ιδσῐὲλξᾶξ

217 3635 455 3771 βοήλῖσίάάπλλέ.
477 3636 905 3774 ἶζδὶθῗιλΑούύλλλιιζύτατύλρλλε.-
922 3656 1109 3756 τούύόυμΑΝίι
1132 3703 1162 3757 τὲ
1182 3657 1281 3768 Βούτου,
1314 3689 1315 3704 ’

218 3771 251 3878 ολ
271 3775 286 3834 ξ
301 3775 341 3826 63.
359 3802 393 3810 -
412 3775 426 3824 3
444 3767 476 3823 οδ
494 3771 768 3892 om.Npr.,fd{1-N6².
786 3803 819 3854 7
837 3767 1046 3892 λεηιιηξυηέφὲειηηὶ
1056 3771 1281 3895 φὶλλοηιέλὲληξῖβν.

217 3907 259 3960 At.
270 3841 652 3975 Ξό-ἔγύαήλίύύθλρύύύτύολῐΝλε
663 3881 735 3962 εστι.
754 3859 864 3964 Βόλύλλετ.
881 3857 916 3949 R-
935 3912 966 3963 10
984 3881 1103 3978 ήμετίρά
1117 3908 1149 3962 Ν.
