2668 4558
390 181 474 235 ΚΑΤΑ
490 181 743 236 ΔΗΜΟΣΘΕΝΟΥΣ.
1065 183 1105 242 35

18 349 105 429 τοὺς
142 344 451 435 ἀποπεφασμένους
483 352 537 418 καὶ
573 349 649 428 τοὺς
683 350 863 433 μέλλοντας
891 346 1030 438 ἀφέντες
1060 354 1106 432 είς

19 448 113 535 όμᾶς
138 449 261 530 αότοδς
288 454 341 518 καὶ
372 451 428 517 τόν
455 453 558 540 δῆμον
580 453 638 542 τὴν
661 453 787 520 τοότων
810 455 1011 539 δωροδοκίαν
1034 460 1106 539 τρέ-

20 567 121 639 ψετε,
147 546 209 622 κάν
231 550 368 638 ὕστερον
391 553 544 644 έγκαλῆτε
566 564 637 634 τοῖς
660 553 805 642 ἀφεῖσιν,
831 553 886 624 ὅτε
901 550 995 624 οὐδὲν
1011 557 1105 623 ἔσται

19 658 133 724 πλέον
157 652 246 738 ὑμῖν.

108 755 197 842 Ἕγώ
220 757 281 840 μὲν
303 741 372 838 σόν,
396 755 475 824 ὅσον
499 756 546 835 είς
566 757 605 824 τὸ
627 763 726 841 μέρος
747 754 869 842 τούμόν
891 763 951 848 τῆς
966 784 1102 847 κατηγο·
1116 767 1177 828 114

21 858 97 944 ρίας
125 855 216 948 ἥκει,
247 857 454 945 βεβοήθηκα,
483 844 589 925 τάλλα
617 859 727 926 πάντα
756 859 907 944 παριδών
935 861 1021 949 πλὴν
1042 864 1101 928 τοῦ

25 964 161 1029 δικαίου
191 961 246 1028 καί
274 964 333 1028 τοῦ
360 960 588 1047 συμφέροντος
617 957 703 1045 ὑμῖν.
755 959 813 1028 οόκ
841 962 1102 1058 ἐγκαταλέλοιπα

26 1062 79 1148 τήν
106 1064 231 1145 πόλιν,
258 1061 299 1130 οό
329 1062 423 1146 χάριν
450 1057 724 1147 προύργιαιτέραν
746 1069 806 1151 τῆς
827 1065 886 1130 τοῦ
909 1062 1013 1149 δημου
1034 1090 1101 1147 χει-

29 1163 185 1247 ροτονίας
208 1163 426 1250 ἐποιησάμην.
467 1161 567 1243 όξιῶν
592 1165 701 1230 δὲκαὶ
725 1159 809 1246 ὑμᾶς
830 1163 887 1250 τὴν
904 1159 1006 1254 αότὴν
1021 1163 1102 1252 γνα’·

31 1292 88 1353 μην
115 1267 203 1350 ἔχειν
227 1266 442 1351 παραδίδωμι
464 1264 503 1330 τό
526 1260 615 1348 ὕδωρ
637 1269 709 1343 τοῖς
730 1263 844 1344 ἄλλοις
866 1263 1068 1354 κατηγόροις.

550 1555 587 1617 Π.

207 1725 213 1808 Ι
240 1722 397 1808 ΚΑΤΑ
440 1723 924 1806 ΑΡΙΣΤΟΓΕΙΤΟΝΟΣ.
1114 1739 1157 1790 1⁰⁵

114 1892 248 1980 Πάνθ’,
278 1892 321 1974 ὡς
351 1896 469 1976 έοικεν,
501 1885 744 1983 ὦἈθηυαῖοι,
775 1897 1004 1982 προσδοκητέα
1032 1897 1102 1968 ἐστὶ

45 2000 90 2064 καί
115 1994 254 2066 άκοῦσαι
283 2000 336 2064 καὶ
367 1998 448 2065 ίδεῐν
477 1999 512 2066 ἐν
541 2004 615 2076 ταῖς
640 1997 865 2086 γεγενημέναις
889 1995 1101 2086 άποφάσεσι’

10 2111 11 2168 1
51 2099 314 2181 θαυμασιώτατον
339 2099 376 2168 δὲ
396 2099 546 2180 πάντων,
578 2097 622 2178 ὦς
644 2099 720 2184 ἐμοὶ
742 2102 845 2180 δοκεῖ,
873 2100 912 2187 τδ
935 2109 991 2169 νῦν
1013 2104 1102 2188 γινό-

62 2225 148 2282 μενον.
183 2197 201 2270 ό
226 2200 287 2286 γάρ
310 2201 535 2287 πονηρότατος
558 2209 624 2269 τῶν
648 2202 681 2270 έν
704 2206 745 2292 τῇ
767 2204 882 2286 πόλει,
911 2205 1036 2287 μᾶλλον
1067 2208 1102 2274 δὲ

58 2303 102 2368 καί
120 2306 173 2372 τάν
194 2301 306 2372 ἄλλων
329 2298 529 2389 άνδρώπων,
556 2299 808 2391 Ἀριστογείτων
832 2305 1104 2392 διαδικασόμενος

11 2419 13 2478 ἵ
49 2403 107 2490 ἥκει
130 2414 168 2494 τῇ
199 2407 235 2487 ἐξ
259 2400 389 2490 Ἀρείου
412 2407 519 2492 πάγου
547 2410 651 2496 βουλῇ
681 2408 758 2493 περὶ
787 2406 949 2494 ἀληθείας
976 2413 1029 2478 καὶ
1053 2412 1104 2479 δι-

46 2507 217 2595 καιοσύνης,
240 2507 296 2575 καὶ
317 2511 386 2575 νυνί
409 2510 542 2592 μείζονα
565 2508 715 2576 κίνδυνον
738 2506 757 2599 ἡ
779 2509 836 2594 τὴν
854 2504 1028 2595 όιπόφασιν
1044 2537 1104 2578 πε-

43 2618 195 2698 ποιημένη
218 2610 320 2699 βουλὴ
343 2609 521 2678 κινδυνεύει
543 2604 564 2700 ἢ
584 2606 601 2676 ό
618 2613 708 2695 δῶρα
726 2610 901 2695 λαμβάνων
917 2609 1000 2677 καθ’
1013 2607 1103 2693 ὑμῶν

43 2713 89 2780 καὶ
115 2713 173 2800 τὴν
203 2709 286 2798 ὑπὲρ
308 2716 374 2780 τῶν
398 2711 531 2779 δικαίων
555 2719 741 2799 παρρησίαν
765 2710 975 2796 ἀποδόμενος
999 2714 1104 2781 ε’ίκοσι

14 2845 15 2848 ’
43 2820 132 2898 μνῶν.
176 2815 282 2900 τούτῳ
304 2820 364 2897 μέν
386 2840 422 2900 γε
443 2813 555 2881 καινόν
579 2813 673 2880 οὐδὲν
697 2809 772 2880 οὐδὲ
796 2810 913 2895 δεινόν,
943 2813 999 2882 ίδιν
1023 2812 1134 2904 ἆλῷ,2

44 2917 256 3007 συμβήσεται·
279 2919 331 2983 καί
354 2917 415 3003 γὰρ
439 2917 589 2984 θανάτου
614 2915 691 2996 άξια
705 2915 815 2984 πολλὰ
831 2915 992 3002 πρότερον
1009 2918 1103 3002 ἕτερα

43 3021 296 3102 διαπέπρακται,
335 3018 390 3085 καὶ
418 3018 451 3085 έν
480 3027 526 3105 τῷ
558 3019 770 3107 δεσμωτηρίῳ
801 3019 908 3086 πλείω
935 3018 1050 3105 χρόνον
1082 3018 1103 3108 ἢ

43 3124 97 3202 ’έξω
122 3123 326 3208 διατέτριφε,
355 3123 408 3187 καὶ
432 3116 576 3206 όφείλων
599 3124 645 3207 τῷ
669 3122 816 3209 δημοσίῳ
839 3121 922 3190 κατά
943 3125 1008 3188 τῶν
1032 3122 1104 3188 έπι-

42 3232 139 3308 τίμων
161 3227 320 3308 γέγραφεν
344 3220 403 3290 σ’όκ
420 3221 492 3302 ἐξόν
508 3217 607 3310 αότηῖ,
630 3222 685 3289 καὶ
700 3223 793 3308 ἕτερα
809 3221 920 3290 πολλοὶ
941 3225 993 3289 καὶ
1011 3221 1103 3290 δεινὰ

43 3333 206 3413 πεποίηκε,
230 3327 305 3409 περὶ
330 3320 375 3390 ὧν
398 3323 627 3410 ἀκριβέστερον
648 3322 769 3408 όμεῖς
792 3326 871 3410 ἐμοῦ
893 3324 1102 3409 γιγνώσκετε·

17 3407 21 3480 ί
43 3433 74 3516 τῇ
105 3429 140 3494 δέ
167 3428 269 3516 βουλῇ
296 3425 334 3492 τὸ
364 3425 458 3506 δόξαι
487 3425 561 3508 [καί]
590 3427 697 3512 ψευδῆ
719 3426 802 3493 κατὰ
821 3425 1103 3510 Ἀριστογείτονος

106 3585 136 3636 12
159 3584 203 3632 καὶ
220 3579 243 3630 Δ
260 3593 298 3646 pr.
316 3586 338 3644 t,
361 3598 403 3632 κα.
422 3579 444 3631 N
462 3593 515 3647 pr„
538 3570 589 3630 κόν
607 3578 677 3631 A¹N¹
700 3607 734 3618 -
758 3576 894 3650 ίγιιαίεῖτι
917 3579 939 3630 Δ
958 3594 994 3645 pr.
1013 3582 1037 3640 t,
1060 3577 1103 3646 ίγ-

42 3649 136 3703 καλτι
153 3648 175 3700 Ν
192 3664 246 3716 φα,
256 3646 382 3718 ίγκαλόγιι
399 3646 477 3710 A¹N²,
495 3632 566 3709 κᾶθ’
580 3640 694 3717 όστιρον
711 3648 725 3698 ί
742 3644 848 3700 καλεῖτε
865 3646 947 3701 Βλαεε.
964 3645 1104 3710 -114‚4

44 3738 108 3789 προρ
124 3738 142 3770 ι.
160 3715 181 3768 Α
198 3731 250 3783 pr„
273 3731 336 3769 corr.
353 3716 397 3770 Αἱ.
416 3745 449 3754 ·—
467 3715 489 3767 N
508 3715 613 3768 subicit:
636 3714 705 3768 κατὰ
723 3665 918 3782 δημοσθένους.
942 3742 976 3753 -
998 3713 1027 3777 Π,
1045 3715 1070 3777 l,
1090 3717 1103 3768 1

45 3787 94 3840 πάν
122 3779 186 3837 ἀἷε
201 3787 301 3849 ἔοικεν,
325 3771 460 3853 ὦάνδριτ
477 3783 582 3851 DionyS.
601 3783 633 3836 de
651 3784 706 3837 Din.
724 3785 776 3838 iud.
797 3786 836 3836 10.
860 3811 894 3822 -
917 3783 978 3848 2,4
1001 3784 1048 3834 ίπὶ
1066 3800 1104 3833 τι-

45 3857 99 3920 μῶν
117 3853 161 3907 ΝΑ
172 3869 222 3920 pn:
240 3867 303 3904 corr.
315 3850 357 3904 Δί.
376 3881 409 3890 -
429 3854 444 3904 6
462 3846 535 3920 δμιῖτ
552 3846 641 3972 ἆιιρηθι.
653 3851 684 3906 N.
703 3883 736 3891 -
754 3857 769 3904 ’ί
788 3845 930 3911 δόξανκαὶ
949 3867 979 3918 φ.
997 3849 1044 3901 ΝΑ
1058 3865 1105 3917 pr„

45 3927 84 3975 καί
101 3923 126 3975 in
143 3920 165 3971 Α
182 3935 279 3973 erasum
298 3935 346 3974 om.
366 3924 385 3987 t,
402 3915 481 3981 δόξαι
497 3915 535 3972 τοὶ
554 3935 585 3988 η.
635 3935 685 3987 ass,
703 3937 763 3973 num
781 3916 813 3971 τὸ
832 3922 879 3971 καί
897 3915 975 3980 δόξαι
993 3922 1043 3989 ηκί

861 4003 898 4056 3*
