2668 4558
197 177 237 234 46
645 173 827 226 ΔΕΙΝΑΡΧΟΥ

197 344 287 427 ύμυῖν
317 343 442 431 φήνας,
477 338 575 422 ούτος
608 343 778 429 προδώσει
810 340 871 429 τὴν
900 340 1003 425 πεζὴν
1031 343 1085 409 καλ
1115 343 1272 432 ναυτικὴν

198 445 344 527 δύναμιν.

149 558 184 618 11
283 549 345 635 Μὴ
369 537 442 625 ούν,
471 537 711 636 ιάἈθηναῖοι,
742 545 802 636 την
829 554 962 634 τίμησιν
988 541 1071 630 ύπέρ
1093 555 1160 614 τῶν
1183 571 1274 633 γεγε-

190 642 344 739 νημένων
367 650 468 735 μόνον
491 647 558 718 ἀπὸ
583 653 784 730 Φιλοκλέους
807 645 1019 734 ἀδικημάτων
1036 645 1178 736 ἡγεῖσθε
1193 653 1272 731 μέλ-

196 756 269 821 λειν·
287 757 476 832 ποιεῖσθαι,
501 751 660 820 ἀλλὰκαὶ
683 749 767 836 ύπέρ
790 755 855 819 τῶν
876 749 984 817 ἀλλων
1000 745 1043 818 ὧν
1065 745 1140 838 (ἀν)
1164 753 1271 838 ἔπρα-

196 857 248 936 ξεν
283 849 379 935 οὗτος
411 853 522 940 κύριος
553 855 734 939 γενόμενος.
779 858 833 921 καὶ
864 859 935 933 τοῖς
964 856 1024 938 μέν
1051 858 1149 931 θεοῖς
1181 855 1267 937 ἔχετε

194 958 288 1043 χάριν
312 955 397 1040 ύπέρ
419 960 478 1024 τού
500 956 545 1047 μή
570 963 698 1024 παθεῖν
721 982 754 1023 τι
775 957 888 1040 μεῖζον
910 953 978 1025 ύπδ
1000 955 1117 1023 τούτου
1148 955 1266 1036 δεινόν,

196 1061 370 1147 ἐγνωκότες
399 1064 516 1126 τοῦτον
538 1055 610 1139 οἷός
634 1059 736 1138 ἔστιν,
767 1057 869 1138 ἀξίως
899 1058 931 1125 δ’
956 1055 1047 1143 ύμῶν
1076 1053 1185 1125 αὐτῶν
1214 1061 1268 1124 καλ

147 1171 255 1253 λλτῆς
289 1167 348 1230 τοῦ
389 1161 581 1247 κρινομένου
620 1167 782 1249 πονηρίας
815 1161 978 1228 κολάσατε
1007 1159 1122 1227 αύτάν·
1156 1158 1209 1238 ὅς,
1243 1151 1270 1226 ὦ

192 1264 387 1353 Ἀθηναῖοι,
419 1264 489 1349 τρῖς
516 1264 576 1347 μὲν
604 1258 626 1351 ἢ
647 1263 796 1348 τετράκις
820 1262 1035 1348 ἱππαρχηκὼς
1058 1260 1194 1346 ἀνδρῶν·
1208 1287 1267 1327 κα-

196 1368 262 1434 λῶν
295 1366 467 1452 κάγαθῶν,
502 1364 678 1444 πλεονάκις
711 1364 743 1431 δ’
775 1359 794 1451 ἢ
829 1365 956 1444 δεκάκις
988 1363 1170 1450 στρατηγὸς
1199 1359 1262 1449 ἀφ’

195 1468 285 1555 ὑμῶν
308 1468 609 1556 κεχειροτονημένος
632 1463 690 1535 ούκ
712 1467 804 1548 ἀξιος
828 1467 890 1550 ἀν’ν,
920 1467 1103 1551 τιμώμενος
1133 1468 1187 1533 καλ
1211 1465 1264 1552 ζη·

123 1629 126 1638 ,
195 1574 351 1656 λούμενος
375 1573 430 1639 διά
452 1572 512 1658 τὴν
534 1572 620 1655 πρὸς
642 1570 726 1651 ύμάς
749 1579 879 1652 πύστιν,
911 1567 1059 1638 ἀπέδοτο
1086 1570 1142 1636 καὶ
1164 1568 1269 1654 προέ-

196 1678 279 1742 δωκε
306 1673 345 1740 τύ
372 1683 433 1761 τῆς
460 1670 635 1760 ἡγεμονίας
662 1669 753 1760 ἡμῶν
777 1670 923 1754 ἀξίωμα,
954 1676 1008 1740 καὶ
1041 1671 1088 1750 εἷς
1115 1669 1153 1737 τὸ
1183 1665 1269 1736 αύτδ

194 1783 390 1863 κατέστησεν
413 1775 529 1843 ἑαυτὸν
548 1771 816 1860 Ἀριστογείτονι,
840 1775 893 1841 καλ
913 1773 1089 1857 μισθωτὸν
1110 1774 1163 1868 καὶ
1180 1797 1271 1856 προ-

146 1879 293 1966 13δύτην
316 1878 389 1945 ἀντὶ
405 1881 585 1966 στρατηγοῦ
602 1875 767 1962 έπούησεν.
802 1878 918 1944 ἔπειτα
940 1872 1211 1944 ὑποστείλασθαί
1237 1900 1271 1941 τι

195 1985 245 2049 δεῖ
266 1982 352 2063 πρὸς
373 1980 431 2046 τὸν
453 1985 605 2047 τοιοῦτον
629 1976 729 2062 ἀμᾶς
750 1980 804 2046 καὶ
828 1979 1058 2067 αἰσχυνθῆναι,
1093 1977 1170 2056 τοὺς
1191 1971 1271 2065 ἠδι-

193 2091 365 2172 κημένους,
397 2081 433 2162 ἀς
462 2081 520 2149 οὐκ
546 2081 693 2170 ᾐσχύνθη
721 2083 859 2148 τοιαῦτα
887 2081 1042 2162 πράττων
1064 2073 1147 2146 καθ’
1172 2075 1270 2163 ὑμῶν

193 2186 335 2254 καὶτῶν
358 2185 485 2268 ἀλλωνς
515 2183 574 2269 ούχ
596 2185 629 2250 οἱ
650 2192 797 2251 τοιοῦτοι
818 2189 885 2250 τοῖν
908 2181 1100 2267 ἀνθρώπων
1123 2180 1270 2248 ἐλεοῖντ’

194 2283 233 2354 ἀν
258 2287 390 2364 εἰκότως
413 2283 496 2370 παρ’
522 2281 623 2371 ύμῖν,’
637 2272 663 2352 ιύ
682 2281 880 2373 Ἀθηναῖοι·
911 2287 1038 2351 πολλοῦ
1060 2286 1171 2370 γεκαὶ
1196 2285 1273 2352 δεῖ·

194 2389 271 2457 ἀλλ’
296 2390 328 2478 οξ
351 2388 576 2473 προδοθέντες
598 2383 638 2454 ἀν
660 2372 727 2454 ἀπὸ
752 2388 966 2468 Φιλοκλέους,
994 2386 1025 2454 εῖ
1044 2382 1110 2452 τιν’
1134 2379 1241 2463 οὗτος
1267 2387 1273 2473 Ι

143 2493 361 2574 11οπαρέλαβε
382 2490 496 2574 καιρὸν
521 2489 707 2574 χρημάτων·
722 2491 872 2556 πολλῶν·
907 2489 940 2556 έν
969 2483 1019 2568 οἷς
1047 2487 1100 2554 καὶ
1131 2483 1150 2574 ἡ
1180 2483 1273 2576 ἀκτή

193 2597 247 2662 καὶ
270 2594 302 2661 ολ
324 2596 451 2676 λιμένες
474 2592 538 2661 εἰσὶ
568 2595 623 2659 καὶ
651 2590 693 2659 τά
720 2579 907 2677 νεύρια,’ἀ
936 2592 969 2658 οἱ
996 2590 1155 2674 πρόγονοι
1182 2584 1270 2674 ύμῖν

144 2695 492 2773 14κατασκευάσαντες
514 2693 701 2762 κατέλιπον.
740 2687 785 2761 ὦν
808 2691 1153 2780 ἀναμιμνησκομένους
1167 2689 1266 2776 ἀμᾶς,

194 2788 220 2865 ὦ
240 2794 434 2882 Ἀθηναῖοι,
467 2801 517 2866 δεῖ
544 2797 589 2888 μὴ
621 2803 794 2883 παρέργως
817 2797 901 2879 ἔχειν
925 2796 1011 2881 πρὸς
1032 2795 1093 2873 τάς
1114 2791 1183 2861 ὗπδ
1206 2803 1262 2881 τῆς

193 2899 314 2985 βουλῆς
327 2905 538 2985 γεγενημένας
557 2898 756 2984 ἀποφάσεις,
781 2892 855 2965 ἀλλ’
874 2896 1068 2975 ἀκολούθως
1089 2901 1164 2975 ταῖς
1181 2895 1261 2980 πρό-

192 3025 287 3085 τερον
310 3008 526 3084 κεκριμέναις·
561 3001 694 3086 αἰσχρὸν
723 3002 783 3086 γάρ
815 2998 974 3068 ἀπειπεῖν
996 3003 1264 3082 τιμωρουμένους

162 3151 165 3160 .
194 3103 263 3171 ἐστὶ
293 3102 370 3180 τούς
399 3103 566 3188 προδότας
587 3111 646 3190 τῆς
669 3102 799 3181 πόλεως
819 3107 1064 3189 γεγενημένους,
1094 3104 1148 3168 καὶ
1178 3096 1265 3178 ύπογ

163 3209 166 3214 ’
193 3203 376 3272 λεύπεοθαέ
397 3229 488 3282 τινας
510 3213 576 3272 τοῖν
600 3201 720 3272 ἀδίκων
742 3206 797 3271 καὶ
812 3208 966 3292 πονηρῶν
982 3203 1183 3289 ἀνθρώπων,
1209 3199 1265 3269 ύτε

262 3383 276 3431 λ
296 3376 382 3447 φήνας
399 3372 468 3429 καθ’
488 3372 532 3441 ύμ.
551 3377 573 3429 Ν
598 3405 630 3416 --
651 3372 703 3442 τὴν
725 3392 775 3428 om.
793 3375 865 3427 Ν-
884 3372 997 3443 πεζικὴν
1014 3377 1055 3428 At.
1079 3404 1113 3414 -
1135 3367 1266 3438 11,4ύν

194 3445 251 3499 εδδ.
268 3446 311 3498 A2.
329 3444 422 3508 -12,
441 3447 456 3496 2
474 3446 525 3511 μὲν
543 3460 592 3497 om.
610 3446 652 3497 At.
669 3474 703 3482 -
721 3447 736 3496 3
753 3439 781 3495 δ’
802 3461 852 3499 om.
870 3445 892 3496 Α
911 3461 956 3512 pr„
974 3444 1031 3506 edd.
1049 3444 1084 3495 Αι
1102 3473 1135 3482 -
1153 3436 1181 3494 δ’
1201 3435 1219 3492 ύ
1236 3443 1265 3493 in

192 3530 241 3567 res.
259 3514 343 3582 spatio
362 3515 433 3579 largo
450 3514 493 3566 N¹.
512 3541 545 3552 -
569 3517 586 3566 4
604 3507 764 3580 ζητούμενοι
780 3511 802 3562 Α
819 3529 872 3581 pn,
895 3528 958 3565 corr.
976 3511 1019 3562 Αἱ.
1043 3541 1077 3550 -
1100 3515 1115 3565 6
1135 3511 1183 3576 τῆς
1200 3485 1263 3576 ἀμε-

192 3586 271 3653 τέραε
364 3577 508 3652 ἡγεμονίαν
529 3582 590 3647 (εἰσ,
615 3582 696 3633 erravi
713 3581 739 3632 in
758 3581 776 3632 C
800 3596 825 3649 p.
844 3584 869 3647 5)
883 3580 915 3644 N,
933 3584 1055 3648 quattuor
1072 3580 1110 3632 lit.
1127 3581 1153 3631 in
1171 3593 1264 3630 versus

193 3653 263 3703 exitu
281 3663 376 3715 erasae,
393 3651 440 3715 τῆς
456 3644 531 3721 τζγεμ.
548 3644 629 3715 ὑμῶν
644 3649 704 3702 mal.
718 3647 829 3716 Sauppe.
847 3679 879 3687 -
897 3647 969 3712 18st
986 3641 1064 3714 ύμῖνε
1084 3664 1146 3701 corr.
1159 3644 1263 3710 Reiuke,

194 3713 257 3784 ύμῖν
275 3755 317 3770 ..,
335 3720 391 3770 τοῖε
408 3713 576 3786 ἠδικημένοις
594 3717 638 3768 Em
659 3717 734 3770 erius.
752 3746 786 3756 -
803 3720 819 3770 3
837 3714 974 3781 αἰσχύνθη
992 3716 1073 3782 Apu,
1091 3731 1154 3768 corr.
1167 3713 1210 3767 A².
1229 3743 1265 3752 —

193 3789 207 3838 ’λ
233 3787 309 3838 verba
331 3785 481 3866 χρημάτων
505 3782 616 3838 πολλῶν
633 3733 707 3837 ἀλοεο
724 3786 868 3852 transponit
885 3800 909 3838 V.
929 3785 944 3837 8
962 3791 1022 3853 post
1037 3778 1176 3853 πρόγονοι.
1195 3785 1263 3834 -9

193 3869 306 3904 κατασκ,
323 3857 388 3918 υμῖν
396 3853 427 3906 Ν.
446 3881 479 3894 -—
498 3845 529 3905 λθ
549 3846 683 3905 ἀπέλιπον
694 3854 715 3904 Α
726 3869 772 3920 pr„
789 3849 946 3905 κατέλπον
957 3853 980 3904 Ν
991 3868 1037 3936 pr„
1056 3867 1118 3904 οοα.
1131 3849 1209 3902 Α’Νῑ.
1228 3878 1263 3887 -

191 3919 236 3987 14,
253 3923 270 3972 4
287 3926 347 3987 post
363 3925 528 3991 κεκριμέναις
545 3920 648 3974 Blaesio
666 3921 756 3974 deesse
773 3921 875 3973 videtur
890 3924 936 3972 καὶ
953 3939 1058 3987 ταυτην
1073 3923 1184 3990 κρίνειν.
