2668 4558
408 199 490 252 τιτι
508 199 759 254 τεκοεοειιοτε.
1019 187 1021 192 ’
1080 199 1118 258 19

134 361 206 453 ΙἬ
231 375 329 434 τοῦτο
357 369 417 450 μὲν
440 367 496 434 οῦκ
520 367 736 456 ἐπιχειρήσεις
759 368 877 452 λέγειν,
908 365 960 436 ὅτι
989 370 1025 436 δὲ
1054 378 1118 436 τῶν
1129 380 1167 444 61

42 469 234 554 πρότερον
264 463 529 553 ἀποφανθέντων
558 465 626 535 ῦπὸ
654 477 713 556 τῆς
737 471 857 558 βουλῆς
878 481 951 549 τοῖς
972 472 1031 553 μέν
1058 469 1118 538 δίλ-
1141 492 1171 544 98

44 575 124 650 λοις
152 566 396 655 ὡμολογηκέναι
425 569 623 657 συμβέβηκεν
653 565 746 651 ἀξίαν
775 567 860 639 εἶναι
882 571 938 660 τήν
961 581 1018 657 τῆς
1040 580 1119 657 βου-

42 677 109 759 λῆς
135 673 281 761 ζήτησιν,
312 671 368 739 σοί
397 673 433 740 δέ
460 671 550 758 μόνῳ
578 671 620 738 τὰ
646 674 724 756 περὶ
746 669 849 762 αῦτής
872 673 1119 764 ἠναντιῶσθαι,

43 776 136 842 ἀλλὰ
168 777 270 858 μόνος
303 774 344 841 οῦ
375 781 441 840 τῶν
475 773 615 841 πώποτε
648 773 942 862 ἀποπεφασμένων
974 773 1120 863 ἠξίωσας

44 877 130 946 ἑκὼν
158 885 285 965 σεαυτῷ
311 876 448 954 τούτους
474 877 587 961 κριτάς
615 879 667 943 καί
700 877 835 963 ζητητὰς
862 885 1035 962 γενέσθαι,
1064 879 1119 947 καί

46 982 200 1065 ’ἔγραψας
221 978 304 1045 κατά
327 985 467 1044 σεαυτοῦ
487 977 526 1045 τὸ
549 978 720 1065 ψήφισμα,
743 982 798 1047 καί
821 979 878 1046 τὸν
902 982 1004 1069 δῆμον
1023 982 1119 1047 έποι-

47 1083 120 1169 ήσω
143 1081 293 1165 μάρτυρα
315 1088 380 1147 τιῦν
404 1076 672 1166 ὡμολογημένων,
698 1076 892 1163 ὁρισάμενος
915 1091 1042 1170 σεαυτῷ
1065 1084 1119 1170 ζη-

48 1192 128 1265 μίαν
151 1178 236 1250 εἶναι
258 1183 415 1264 θάνατον,
438 1182 495 1249 έόιν
518 1177 678 1270 ἀποφήνῃ
701 1181 773 1272 (0³)
794 1178 814 1273 ή
836 1185 938 1274 βουλή
958 1188 1025 1251 τῶν
1043 1211 1118 1270 χρη·

46 1287 161 1370 μάτων
193 1285 353 1371 εἰληφότα
386 1310 419 1351 τι
450 1293 518 1349 ταῖν
552 1285 598 1362 είς
630 1286 687 1351 τόν
720 1284 826 1371 χώραν
857 1282 924 1352 ῦπό
948 1282 1117 1372 Ἁρπάλου

46 1387 286 1470 κομισθέντων.
330 1386 414 1454 ἀλλὰ
436 1387 501 1474 μήν
524 1386 685 1470 πρότερον
710 1390 856 1472 ἔγραψας
879 1387 928 1468 σῦ,
953 1375 980 1454 τό
1002 1390 1167 1476 Δήμό-62

46 1499 182 1569 σθενες,
211 1485 450 1554 κατὰπάντων
472 1487 597 1555 τούτων
627 1489 681 1555 καί
710 1497 774 1555 τῶν
797 1488 905 1556 ἄλλων
924 1485 1116 1578 Ἀθηναίων

46 1591 162 1678 κυρίαν
191 1585 277 1658 εἶναι
304 1590 362 1678 τήν
390 1590 427 1669 έξ
451 1586 581 1675 Ἀρείου
604 1591 713 1676 πάγου
740 1592 863 1678 βουλήν
891 1593 1029 1660 κολάσαι
1058 1593 1117 1660 τόν

47 1693 140 1778 παρὰ
156 1691 233 1772 τοῦς
247 1691 368 1774 νόμους
384 1693 646 1778 πλημμελοῦντα,
659 1697 835 1786 ,χρωμένην
850 1703 922 1772 τοῖς
937 1692 1117 1777 πατρίοις

48 1796 178 1881 νόμοις·
201 1796 253 1861 καί
276 1795 471 1877 παρέδωκας
489 1793 529 1858 σὺ
551 1793 606 1859 καί
622 1793 818 1878 ἐνεχείρισας
831 1795 891 1882 τήν
907 1795 1006 1861 πόλιν
1027 1793 1117 1862 άπα-

49 1921 110 1964 σαν
131 1896 234 1984 ταύτῃ
241 1947 250 1976 ,
280 1893 319 1982 ἣν
343 1894 458 1962 αὐτίκα
482 1894 601 1983 φήσεις
625 1895 828 1984 ὀλιγαρχικήν
852 1893 953 1964 εἱναι·
987 1897 1042 1964 καί
1062 1923 1116 1964 τε·

50 2005 152 2065 θνάσι
179 1999 262 2065 κατὰ
290 1997 330 2063 τό
358 1997 417 2063 σόν
446 1995 607 2083 ψήφισμα
637 1997 694 2064 δῦο
720 2006 785 2063 τῶν
808 2001 972 2078 πολιτῶν,
1004 1999 1115 2085 πατήρ

51 2102 103 2164 καί
125 2100 205 2179 υἱός,
228 2100 478 2182 παραδοθέντες
499 2107 546 2186 τῷ
569 2098 626 2165 έπί
649 2106 696 2187 τῷ
719 2097 894 2184 ὀρύγματι·
924 2100 1026 2187 ἐδέθη
1049 2109 1115 2167 τῶν
1125 2108 1166 2171 63

57 2195 116 2286 ἀφ’
143 2199 318 2284 Ἁρμοδίου
350 2203 528 2287 γεγονότων
558 2196 606 2279 είς
633 2202 714 2269 κατὰ
744 2201 782 2267 τὸ
811 2202 869 2269 σὸν
898 2201 1114 2288 πρόσταγμα·

55 2301 270 2387 ἐστρέβλωσαν
287 2303 495 2390 Ἀντιφῶντα
513 2306 566 2370 καὶ
583 2298 777 2370 ἀπέκτειναν
796 2298 889 2370 οῦτοι
905 2313 945 2393 τῇ
962 2314 1019 2393 τῆς
1036 2312 1115 2389 βου-

49 2405 107 2491 λῆς
136 2404 308 2492 ἀποφάσει
334 2406 545 2484 πεισθέντες·
581 2407 727 2491 ἐξέβαλες
753 2405 794 2472 σὺ
812 2400 962 2490 Ἀρχῐνον
994 2408 1028 2475 ίκ
1055 2415 1114 2494 τής
1165 2433 1167 2446 ’

9 2589 10 2592 ¹
48 2507 176 2586 πόλεως
205 2507 262 2575 ἐπὶ
292 2509 457 2594 προδοσίᾳ
489 2506 571 2575 κατά
600 2506 659 2586 τάς
689 2515 747 2596 τῆς
774 2510 896 2597 βουλῆς
924 2503 1114 2595 όποφάσεις

46 2610 99 2675 καί
121 2615 293 2694 τιμωρίας.
330 2608 413 2675 κατὰ
429 2609 465 2676 δέ
481 2617 603 2674 σαυτοῦ
626 2609 678 2675 καί
697 2617 799 2674 ταῦτα
812 2609 944 2694 γράψας
960 2606 1059 2689 αῦτὸς
1074 2610 1114 2676 τό

45 2713 208 2798 ψήφισμα
230 2711 363 2795 ἀκυροῖς
370 2739 382 2794 ,·
414 2713 466 2777 καί
490 2718 557 2776 ποῦ
579 2719 684 2776 ταῦτα
706 2714 815 2778 δίκαια
837 2705 858 2800 ή
880 2710 1003 2794 νόμιμά
1025 2712 1114 2797 έστι,·

132 2813 354 2899 Μαρτῦρομαι
376 2813 435 2891 τὰς
457 2813 578 2895 σεμνάς
597 2813 690 2893 θεάς,
715 2810 830 2898 ἄνδρες
847 2809 1036 2900 Ἀθηναῖοι,
1058 2818 1113 2883 καί
1124 2821 1165 2884 64

44 2916 98 2982 τόν
117 2915 223 2982 τόπον
240 2914 276 2981 ὃν
292 2915 413 2983 έκεῖναι
428 2921 607 2998 κατέχουσι,
631 2916 687 2982 καὶ
706 2917 784 2994 τοῦς
799 2913 909 3004 ήρωας
924 2918 999 2995 τοὺς
1015 2918 1114 3004 έγχω-

45 3018 154 3102 ρίους,
181 3018 237 3086 καί
264 3017 322 3104 τήν
340 3018 489 3106 Ἀθηνᾶν
511 3019 570 3105 τήν
594 3018 787 3098 Πολιάδα,
823 3020 875 3085 καί
899 3018 974 3098 τοῦς
997 3019 1115 3100 ἄλλους

45 3121 147 3199 θεοὺς
176 3123 209 3186 οἳ
237 3119 295 3208 τήν
322 3120 430 3203 χώραν
454 3124 508 3189 καί
530 3121 591 3209 τήν
614 3119 712 3186 πόλιν
735 3117 826 3210 ήμῶν
850 3119 1032 3210 εἰλήχασιν,
1062 3119 1115 3190 ότι

44 3227 99 3290 τσῦ
134 3221 238 3310 δήμου
269 3223 541 3303 παραδεδωκότος
570 3219 647 3307 ῦμῖν
669 3220 928 3311 τιμωρήσασθαι
950 3224 1006 3290 τὸν
1030 3224 1115 3309 είλη-

43 3345 249 3356 ——.—-—-—-

110 3390 156 3452 61,
174 3395 191 3444 2
212 3394 368 3462 προτίρωνε
393 3408 458 3446 corr.
474 3392 588 3459 Scaliger
604 3421 639 3432 -
656 3389 867 3462 ἀποφαθέντων
882 3393 905 3445 Α
923 3407 970 3458 pn,
987 3407 1051 3448 corr.
1069 3395 1113 3448 Δί.

44 3487 76 3498 -
99 3464 115 3514 3
141 3456 250 3512 δικαίαν
272 3460 409 3515 Maetzner.
432 3489 465 3498 —
487 3464 503 3513 4
528 3463 627 3528 ζημίαν
650 3462 672 3513 Α
696 3477 746 3528 pn,
770 3455 883 3525 ζήτησιν
899 3461 935 3513 A¹
956 3490 989 3499 —
1010 3459 1046 3512 τὰ
1063 3460 1113 3516 δελ.

44 3525 159 3593 Dobree,
183 3528 228 3580 sed
252 3528 285 3580 εί.
302 3528 378 3581 Isocr.
396 3528 448 3592 v11,
466 3531 507 3593 36,
525 3532 566 3581 44.
587 3557 623 3570 --
645 3533 659 3581 ί
682 3529 783 3581 σαυτοῦ
801 3529 843 3581 At.
862 3558 893 3568 -
913 3532 928 3582 8
945 3525 997 3594 τὴν
1014 3530 1115 3596 ζημίαν

45 3593 143 3651 Wurm.
162 3625 194 3634 -
213 3600 229 3650 9
247 3589 277 3647 τ’
295 3597 337 3649 hic
354 3597 411 3649 add.
429 3595 511 3662 Blass,
535 3604 594 3664 post
611 3594 661 3649 ἐὰν
679 3596 814 3661 Maetzner,
839 3613 889 3649 οιυ.
907 3601 925 3650 t.
943 3626 977 3635 -
996 3600 1028 3650 10
1046 3595 1114 3662 εἰλη-

47 3661 110 3730 φότι
127 3665 188 3717 τῶν
204 3663 227 3716 N
246 3681 296 3730 φα,
321 3681 385 3718 corr.
403 3665 446 3718 N2.
465 3693 496 3704 -
515 3665 559 3730 62,
578 3670 595 3719 4
616 3662 777 3736 πατρρίοιεει
794 3680 858 3717 corr.
876 3664 955 3717 walt.
972 3693 1007 3704 —·
1024 3669 1039 3716 5
1058 3666 1114 3717 ένο-

46 3737 170 3802 χιίρησατ
187 3731 233 3784 ΝΑ
244 3749 292 3800 με,
310 3733 468 3787 inArasura
481 3749 543 3785 corr.
561 3763 595 3772 -
614 3739 628 3787 ’ί
647 3731 697 3785 σὸν
713 3748 788 3800 supra
802 3748 903 3785 versum
922 3732 965 3788 N¹.
983 3762 1016 3771 -
1033 3733 1079 3796 63,
1098 3737 1113 3787 5

46 3797 102 3919 ῖλί
117 3815 201 3919 ’θλ
216 3802 384 3934 'Lfflffl
397 3805 480 3924 ,πί
498 3801 557 3919 ἷῖίί
572 3801 790 3939 λλβζθί·
814 3829 847 3838 “
866 3799 915 3921 δέ
933 3798 1114 3937 λβίὲίίλΐ

47 3960 78 3973 -
98 3939 113 3988 5
131 3933 305 4007 τιμωρήσατε
322 3939 378 4005 (sic)
395 3937 438 4004 N²‚
456 3933 652 4006 τιμωρήσασθε
670 3936 781 4004 Sauppe.

876 4021 912 4074 η*
