2668 4558
220 191 261 250 20
668 191 848 245 AEINAPAOY

221 360 310 448 φότα
331 385 365 426 τι
385 369 453 427 τῶν
477 385 494 424 κ
517 360 601 428 κατά
622 362 679 449 τῆς
700 360 863 442 πατρίδος
885 358 942 425 τόν
965 359 1207 441 λελυμασμένον
1238 358 1305 426 καὶ

223 462 418 550 ἐφθαρκότα
439 462 499 549 την
520 465 579 552 τῆς
601 462 732 538 πόλεως
755 458 975 544 εὐδαιμονίαν,
998 460 1055 527 τόν
1078 486 1306 544 περικεχαρα-

170 573 211 634 65
221 570 367 651 κωμένην
396 564 656 648 παραδεδωκότα
678 565 735 650 τὴν
758 565 906 650 πατρίδα
927 568 1001 642 ταῖς
1023 559 1125 630 αὑτοῦ
1148 571 1306 649 συμβου-

221 666 310 746 λίαις
332 665 394 754 [ὃν]
417 668 450 734 οί
470 668 530 751 μὲν
553 667 671 752 ἐχθροὶ
697 666 752 733 καλ
774 667 906 733 κακόνοι
927 675 985 754 τῆς
1008 665 1137 742 πόλεως
1161 667 1204 753 ζῆ
1212 693 1229 730 ν
1258 662 1304 732 ἂν

220 769 413 853 βούλοιντο,
445 767 620 856 συμφοράν
648 765 823 855 ἡγούμενοι
850 771 907 856 τῆς
934 767 1065 844 πόλεως
1086 761 1186 845 εἶναι,
1218 763 1305 835 ὅσοι

223 871 259 938 δὲ
283 861 372 936 εύνοι
394 883 467 948 τοῖς
488 866 656 954 ὑμετέροις
677 870 860 953 πράγμασι,
883 870 937 935 καὶ
961 869 1212 956 μεταπεσούσης
1235 879 1303 960 τῆς

221 972 318 1057 τύχης
341 970 531 1052 ἐλπίζουσιν
554 971 613 1038 ἐπὶ
633 971 671 1037 τό
693 972 824 1054 βέλτιον
848 960 888 1035 άν
910 969 953 1036 τά
969 978 1027 1058 τῆς
1041 970 1173 1049 πόλεως
1189 972 1304 1056 πράγ.

221 1099 311 1157 ματα
340 1071 468 1156 ἐλθεῖν,
499 1073 556 1158 τὴν
586 1072 680 1153 άξίαν
710 1069 810 1137 δόντα
839 1073 929 1157 δίκην
958 1076 1024 1138 τῶν
1052 1080 1304 1158 πεπραγμένων

224 1173 437 1243 ἀπολωλέναι
463 1175 655 1258 βούλονται,
691 1173 744 1240 καὶ
781 1169 875 1240 ταῦτ’
909 1171 1056 1257 εύχονται
1086 1186 1157 1254 τοῖς
1186 1183 1303 1256 θεοῖς.

225 1275 282 1356 οὓς
303 1276 391 1362 κάγώ
411 1278 660 1361 συμπαρακαλῶ
682 1279 790 1343 σῶσαι
812 1276 869 1366 τὴν
896 1280 1058 1361 πατρίδα,
1088 1277 1304 1346 κινδυνεύου-

225 1404 286 1446 σαν
310 1375 394 1462 όρῶν
418 1375 501 1460 ὑπὲρ
525 1384 703 1464 σωτηρίας,
735 1373 820 1462 ὑπὲρ
842 1380 987 1458 παίδων,
1018 1374 1101 1462 ὑπὲρ
1123 1389 1303 1464 γυναικῶν,

176 1488 216 1550 66
227 1477 310 1564 ύπὲρ
334 1480 445 1566 δόξης,
474 1475 559 1563 ύπδρ
588 1483 653 1546 τῶν
677 1479 785 1545 ἄλλων
808 1479 946 1565 ἀγαθῶν
968 1477 1134 1547 άπάντων.
1178 1490 1212 1547 τί
1235 1484 1303 1568 γάρ

226 1584 373 1669 ἐροῦμεν,
397 1573 425 1647 ὦ
445 1580 632 1668 Ἀθηναῖοι,
656 1587 742 1666 πρὸς
763 1583 840 1662 τούς
862 1583 1118 1669 περιεστηκότας
1141 1583 1304 1663 ἐξελθόν-

225 1709 279 1763 τες
302 1684 336 1750 ἒκ
350 1687 409 1752 τοῦ
424 1685 645 1772 δικαστηρίου,
670 1685 735 1766 ἐάν,
761 1683 836 1774 ὃμὴ
852 1691 989 1769 γένοιτο,
1013 1690 1305 1774 παρακρουσθῆτε

226 1783 294 1853 ύπό
316 1788 376 1874 τῆς
396 1787 515 1852 τούτου
537 1795 687 1874 γοητείας
694 1816 705 1870 ,·
728 1794 815 1854 τίσιν
838 1782 1030 1874 ὀφθαλμοῖς
1053 1788 1189 1867 ἕκαστος
1203 1787 1303 1871 ύμῶν

226 1893 286 1978 τὴν
301 1888 461 1978 πατρηόν
476 1887 587 1957 ἑστίαν
604 1891 717 1957 σ’ίκαδε
733 1884 892 1958 άπελθῶν
909 1890 991 1958 ἰδεῖν
1005 1891 1196 1978 τολμήσει,
1211 1890 1304 1958 άπσ·

228 1993 397 2072 λελυκότας
423 1992 482 2075 μὲν
514 1990 571 2058 τόν
599 1993 767 2079 προδότην
794 1993 852 2060 τόν
879 1996 1024 2077 πρῶτον
1047 1994 1107 2072 είς
1127 1992 1184 2059 τόν
1207 1995 1303 2061 ἰ’διον

229 2091 319 2163 οἶκον
343 2095 605 2180 εἰσενεγκάμενον
628 2094 666 2161 τό
690 2096 1015 2182 δεδωροδοκημένον
1035 2102 1178 2179 χρυσίον,
1203 2123 1304 2164 κατε-

228 2199 387 2285 γνωκότες
410 2197 447 2265 δὲ
467 2199 567 2284 μηδὲν
591 2193 716 2284 ἀληθὲς
737 2198 819 2283 μήτε
841 2198 946 2284 ζητεῖν
968 2197 1055 2286 μηθ’
1077 2193 1236 2284 εόρίσκειν
1260 2199 1303 2264 τό
1327 2251 1328 2257 1

231 2300 431 2382 σεμνότατον
447 2296 541 2385 παρά
556 2308 661 2367 πᾶσιν
677 2297 874 2381 ἀνθρώποις
890 2295 974 2365 εἶναι
992 2298 1204 2381 νομιζόμενον
1224 2324 1306 2364 συν-

181 2405 221 2468 67
233 2405 360 2487 ύδριον,·
379 2410 470 2479 τίνας
493 2403 537 2482 δέ,
562 2387 589 2467 τό
607 2397 788 2488 Ἀθηναῖοι
806 2439 850 2451 -
868 2409 1022 2466 σκοπεῖτε
1039 2398 1101 2483 γὰρ
1117 2397 1202 2482 πρός
1217 2396 1307 2480 ὑμᾶς
1326 2421 1327 2424 ’

232 2503 352 2581 αύτούς
372 2542 430 2584 -,
460 2511 552 2581 τίνας
579 2502 639 2581 τὰς
667 2500 805 2580 ἐλπίδας
834 2501 962 2585 ἕξομεν,
994 2501 1051 2569 ἐὰν
1078 2501 1227 2579 κίνδυνός
1249 2527 1306 2580 τις

232 2605 398 2692 καταλάβῃ
422 2606 480 2691 τὴν
507 2602 623 2685 πόλιν,
654 2603 693 2671 τὸ
722 2603 782 2686 μὲν
812 2605 902 2686 δῶρα
931 2603 1108 2688 λαμβάνειν
1139 2604 1223 2669 κατὰ
1244 2607 1304 2687 τῆς

232 2709 395 2794 πατρίδος
417 2703 565 2795 ἀσφαλὲς
588 2701 671 2774 εἶναι
695 2705 931 2792 πεποιηκότες,
954 2706 993 2771 τό
1016 2708 1052 2772 δὲ
1073 2707 1131 2792 τὴν
1154 2705 1302 2794 φυλακην

234 2810 307 2892 ἕχον
337 2811 506 2894 συνέδριον
536 2817 593 2896 τῆς
622 2809 753 2888 πόλεως
782 2809 816 2876 ἐν
843 2822 915 2887 τοῖς
943 2808 1109 2886 τοιούτοις
1139 2807 1302 2883 κινδύνοις

185 2913 225 2978 68
236 2909 391 2995 ἀδόκιμον
406 2911 686 3000 καταστησαντεςς
710 2917 743 2978 τί
758 2909 791 2976 δ’
809 2910 881 2978 ἐάν
896 2950 939 2975 -.
957 2917 1107 2993 τιθῶμεν
1122 2910 1183 2996 γὰρ
1198 2913 1303 2975 ταῦτα

234 3051 277 3064 -
298 3014 354 3081 ἐὰν
378 3012 520 3080 κατὰτὸ
542 3012 703 3102 ψήφισμα
731 3013 770 3079 τὸ
791 3019 1031 3098 Δημοσθένους
1059 3011 1187 3101 ἀπαιτῇ
1217 3012 1301 3096 πέμ-

303 3184 320 3235 6
336 3181 396 3233 τῶν
411 3188 485 3233 om.t
502 3209 535 3219 ·-
552 3182 613 3234 τῶν
641 3183 836 3250 κομισθέντων
846 3180 1011 3268 χρημάτων)
1028 3185 1059 3236 ci.
1072 3183 1154 3248 Blass‚
1173 3184 1230 3236 fort.
1244 3183 1300 3235 τῶν

234 3247 304 3303 κατὰ
321 3249 369 3313 τῆτ
386 3266 443 3329 πατ
461 3244 516 3300 ίδοτ
528 3249 719 3330 .<γρηιιατων).
738 3279 771 3290 -
789 3254 805 3304 8
823 3268 862 3303 πα
882 3245 1041 3304 αδεδωκοτα
1057 3253 1084 3303 in
1101 3267 1180 3317 marg.
1198 3251 1256 3330 hat-b.
1272 3251 1300 3314 A,
1324 3251 1325 3286 ί

235 3312 431 3438 ινεῐκκ
443 3269 624 3448 λοοκς
640 3314 816 3384 ⁶⁶
832 3320 886 3449 ε·
905 3313 1135 3440 κύκνε
1154 3348 1193 3427 τ.
1203 3337 1236 3438 ν
1251 3315 1301 3421 οἳ
1324 3287 1325 3357 ί

235 3456 322 3524 τερος
337 3400 369 3505 ά.
389 3480 419 3490 -
440 3403 553 3518 οησιιηι
572 3399 659 3506 A&
676 3455 717 3506 At.
739 3483 773 3494 -
796 3424 842 3515 ού,
861 3403 1011 3525 ε”γενηλιλ
1027 3457 1050 3506 A
1068 3429 1114 3523 p'r„
1135 3425 1193 3507 'corr
1209 3403 1300 3506 Αύμῖ
1323 3449 1324 3476 ³

237 3525 253 3576 5
270 3517 410 3587 τολμήσειε
428 3519 464 3585 Ν,
480 3518 641 3588 τολμήσειεν
657 3523 692 3574 A:
713 3538 776 3575 corr.
795 3522 904 3575 Bekker.
922 3553 955 3562 —
974 3526 989 3576 6
1008 3523 1122 3591 πρῶτον
1138 3521 1190 3576 τόν
1206 3522 1241 3574 εῖτ
1258 3521 1299 3572 NA

237 3605 283 3656 pr„
301 3588 329 3639 in
343 3589 365 3640 A
382 3603 470 3640 rasura
487 3605 560 3654 corr.¹
579 3590 692 3660 πρῶτον
709 3591 815 3644 seclusit
826 3591 909 3644 Βίυεε.
927 3621 957 3631 -
980 3595 994 3643 ί
1014 3587 1233 3658 διδωρεκημενον
1249 3588 1299 3643 AN.

236 3685 271 3695 -
290 3658 305 3709 8
321 3651 391 3720 μηδὲ
408 3657 430 3720 ζ.
449 3657 471 3708 A
489 3686 522 3696 -
538 3654 606 3724 μηδ’
626 3653 681 3730 εύρ.
698 3659 780 3727 Npr.,
797 3675 860 3715 corr.
879 3660 915 3712 N¹
931 3659 974 3712 vel
991 3659 1027 3711 N¹
1044 3689 1077 3699 -—
1094 3657 1136 3713 τό.
1152 3659 1174 3710 N
1192 3676 1236 3726 pn,
1253 3673 1299 3710 ras.

237 3738 302 3776 corr.
319 3752 353 3762 -
371 3727 386 3776 9
404 3721 574 3792 σεμνότατον
591 3733 651 3793 post
668 3725 738 3779 εἶναι
756 3728 833 3780 habet
848 3729 889 3780 At.
908 3755 941 3767 -
959 3728 1002 3791 67,
1016 3731 1031 3780 5
1048 3731 1119 3780 ίαν
1136 3728 1159 3780 Ν
1177 3743 1222 3794 pr„
1240 3741 1299 3780 εσυ.

237 3790 273 3842 με
295 3791 337 3842 τε
354 3791 397 3843 Νι.
414 3821 448 3831 -
465 3794 510 3860 σε,
530 3797 542 3848 1
561 3798 591 3846 τι
607 3790 654 3845 ιιι
672 3789 834 3864 &mmm
851 3796 874 3848 N
892 3813 938 3864 pr„
962 3800 992 3848 τι
1008 3791 1039 3847 οε
1056 3795 1217 3864 επιτομε
1234 3793 1298 3846 μοι

238 3873 302 3912 corr.
326 3857 503 3929 λἀαλτλιιεαελ,
526 3866 557 3914 τί
572 3858 603 3914 δὲ
619 3858 655 3914 ἂν
670 3892 704 3902 -
721 3864 849 3934 τιθῶμεν
865 3869 884 3918 t.
906 3893 940 3902 —
963 3865 978 3915 2
997 3859 1203 3930 δημοσθένους
1218 3864 1238 3914 Α
1255 3878 1298 3929 με,
1322 3915 1323 3924 ,

237 3941 325 3980 rasura
342 3944 405 3983 corr.
558 3994 559 3998 ἵ

1318 4485 1321 4527 ί
