2668 4558
381 1076 784 1173 PRAEFATIO.

133 1401 274 1463 Dinarchi
298 1402 447 1462 orationes
469 1400 582 1462 Relrker
610 1400 700 1462 edidit
722 1419 757 1461 ex
778 1399 861 1461 libris
883 1398 1058 1479 Crippsiano
1082 1400 1114 1472 Α,
1194 1475 1196 1480 ,

43 1504 252 1565 Laurentiano
275 1504 314 1578 B,
346 1503 494 1564 Marciano
517 1503 557 1578 L,
584 1503 800 1565 Vratislariensi
830 1502 850 1563 Z
857 1522 866 1578 ;
902 1510 966 1564 tum
993 1500 1114 1561 Dobson

47 1606 301 1684 (Londini1828)
324 1607 467 1668 lectiones
488 1606 649 1668 Burneiani
671 1609 711 1670 96
730 1606 759 1667 Μ
781 1583 812 1668 'et
829 1604 995 1685 Crippsiani
1017 1602 1114 1664 denuo
1209 1616 1210 1622 ’

47 1708 147 1770 collati
171 1709 258 1798 dedit.
303 1709 427 1771 Librum
449 1709 555 1770 deinde
572 1708 772 1770 Oxoniensem
794 1708 829 1782 N,
852 1707 903 1786 qui
925 1707 1012 1787 primi
1034 1705 1116 1768 adhi-

44 1811 189 1888 buerunt,
212 1813 359 1874 duumviri
374 1813 552 1874 Turicenses
568 1813 754 1892 (18401100
769 1818 954 1891 spreverunt,
969 1809 1118 1872 blaetzner

48 1916 195 1994 (Berolini
219 1917 313 1991 1842)
336 1916 474 1977 editionis
497 1915 581 1993 quasi
603 1915 828 1976 fundamentum
850 1913 957 1993 posuit.
1002 1911 1117 1984 Quibus

48 2018 85 2078 dc
101 2017 185 2079 libris
200 2027 357 2098 postquam
371 2018 498 2079 multum
513 2018 693 2097 disputatum
708 2027 761 2091 est,
784 2023 900 2078 constat
923 2033 1004 2077 nunc
1026 2015 1117 2076 libros

49 2118 151 2180 BLblZ
182 2127 212 2180 et
233 2119 367 2180 Aldinam
396 2119 568 2181 auctoritate
596 2120 678 2180 omni
700 2137 814 2193 carere,
843 2126 957 2180 constat
971 2117 1116 2179 -librosd

50 2221 123 2282 etN
146 2239 181 2282 ex
204 2222 307 2283 eodem
329 2223 411 2284 fonte
433 2223 561 2297 fluxisse,
584 2231 699 2284 constat
714 2231 872 2301 utrumque
885 2239 953 2284 vera
968 2220 1115 2283 interdum

52 2325 148 2386 solum
170 2342 377 2387 conservasse:
404 2325 463 2386 utri
484 2325 561 2386 libro
584 2327 650 2406 plus
671 2327 739 2387 fidei
762 2324 930 2387 babendum
952 2325 998 2400 sit,
1020 2324 1115 2386 adbuc

49 2435 188 2489 certatur.
231 2430 327 2506 Atque
349 2429 381 2489 in
403 2428 503 2489 libello
520 2429 693 2491 scholastico
709 2429 861 2510 gymnasii,
885 2428 964 2508 quod
980 2427 1115 2489 Guilelmi

50 2529 140 2605 Regis
169 2531 291 2591 nomine
321 2539 444 2592 ornatur
474 2532 556 2595 1886
579 2531 640 2609 (C),
670 2532 724 2593 hae
746 2533 782 2594 de
804 2551 837 2594 10
858 2532 898 2594 ita
919 2531 1053 2604 disserui,
1082 2537 1116 2590 ut

53 2629 152 2690 neutri
173 2630 249 2692 libro
270 2632 396 2710 palmam
418 2632 623 2706 deferendam,
651 2634 795 2714 cuiusque
824 2634 882 2696 loci
909 2633 1038 2694 rationes
1058 2630 1115 2692 cir·

51 2730 302 2810 cumspiciendas‚
332 2732 400 2793 libri
421 2732 571 2813 archetypi
598 2735 741 2798 lectiones
770 2735 874 2796 ordine
903 2743 932 2796 et
952 2733 997 2794 via
1026 2751 1116 2811 quae·

47 2836 157 2896 rendae
179 2854 243 2898 esse
266 2855 428 2898 censerem.
466 2836 551 2909 Quod
572 2849 606 2900 ut
627 2840 690 2901 fieri
714 2849 822 2921 posset,
845 2838 987 2900 lectiones
1008 2838 1115 2898 horum
1234 2847 1241 2860 '

50 2938 202 3013 librorum,
225 2959 300 3020 quos
322 2958 390 3002 cum
412 2941 457 3002 ed.
474 2940 630 3004 blaetzner.
654 2943 855 3018 contuleram,
885 2960 973 3024 quam
995 2959 1115 3001 accura-

50 3043 177 3105 tissimas
199 3042 303 3118 addidi,
327 3062 389 3104 non
412 3062 472 3123 quo
495 3064 598 3107 omnes
619 3046 655 3106 ad
678 3045 804 3106 oratoris
825 3045 913 3106 verba
932 3041 1115 3106 emendanda

51 3145 173 3206 idoneas
195 3145 399 3220 existimarem,
424 3147 476 3208 sed
498 3149 575 3227 quia,
598 3148 695 3226 quoad
715 3147 751 3208 de
766 3148 935 3210 alterutrius
949 3148 1016 3209 libri
1031 3145 1115 3226 prin·

50 3250 148 3328 cipatu
170 3249 281 3329 agitur,
310 3267 348 3310 ne
370 3269 419 3312 res
439 3250 568 3312 minutas
590 3251 709 3330 quidem
730 3251 871 3312 memoria
893 3252 1029 3331 indignas
1051 3267 1115 3310 esso

51 3352 222 3416 arbitrabar.
246 3352 438 3415 Confidebam
460 3355 547 3415 etiam
569 3372 630 3414 non
654 3354 773 3415 inutiles
795 3355 858 3415 1010
878 3354 913 3416 ad
928 3355 1008 3416 illam
1023 3369 1114 3431 quae-

52 3456 179 3518 stionem
205 3454 432 3530 diiudicandum,
460 3455 705 3536 quemadmodum
733 3456 810 3520 libro
832 3459 856 3517 Α
878 3456 956 3537 apud
984 3462 1116 3516 oratores

50 3577 100 3619 eos
122 3557 266 3618 utendum
287 3566 372 3632 esset,
399 3558 450 3636 qui
471 3558 533 3618 1010
555 3557 591 3618 ab
613 3558 671 3618 hoc
693 3577 754 3620 uno
769 3559 852 3619 fonte
870 3558 907 3619 ad
921 3563 1045 3618 aetatem
1060 3574 1115 3617 no·

49 3668 135 3722 suam
159 3667 368 3740 pervenerunt,
391 3659 573 3721 Andocidem
595 3668 625 3720 ct
646 3659 768 3722 Isaeum.

134 3761 256 3822 Librum
286 3771 445 3841 utrumque
472 3761 614 3841 descripsi
641 3762 672 3822 in
694 3761 876 3842 praefatione
897 3761 1025 3840 Lycurgi
1047 3763 1115 3841 (Βο-

51 3863 102 3924 101.
129 3863 233 3942 1880).
283 3862 381 3942 Atque
409 3864 441 3924 in
471 3862 547 3924 libro
577 3863 751 3943 Crippsiano
788 3879 893 3924 manus
921 3866 1114 3927 correctrices

51 3965 119 4028 duas
140 3983 270 4044 agnosco
292 3964 447 4025 atramenti
470 3964 569 4025 001010
591 3965 670 4025 inter
692 3983 724 4025 se
745 3965 882 4038 diversas,
908 3966 1029 4027 alteram
1050 3967 1115 4045 (Al)

1126 4041 1164 4122 e
