2668 4558
390 146 473 199 ΚΑΤΑ
490 145 742 200 ΔΗΜΟΣΘΕΝΟΥΣ.
1063 144 1102 204 31

15 309 118 382 εἶναι
149 312 273 402 ψήφῳ,·
305 311 472 399 γέγραψαι
499 314 675 400 ψήφισμα,
704 313 936 399 Δημόσθενες,
971 316 1104 382 πολλῶν
1119 322 1176 386 101

16 414 139 484 όντων
160 419 215 482 καί
238 417 352 482 δεινῶν
381 415 437 483 καὶ
466 416 667 500 παρανόμων
696 405 743 483 ὦν
764 415 924 503 Δημάδης
944 415 1104 502 γέγραφες

16 517 218 596 κεκώλυκάς
240 543 314 584 τινα
337 518 458 603 πρᾶξιν
480 511 526 584 οἷν
550 516 671 596 ἐκεῖνος
697 517 920 603 προελόμενος
941 518 1023 585 κατά
1045 525 1105 586 τοῦ

20 622 142 708 δήμου
158 622 417 702 πεπολίτευται,·
440 615 512 686 οὔδ’
529 616 688 705 ἡντινοῦν.
718 619 923 706 εἰσήγγελκας
938 620 996 687 τόν
1011 620 1105 705 παρὰ

19 724 77 791 τὰ
102 729 166 788 τοῦ
190 720 294 810 δήμου
316 728 540 807 ψηφίσματα
567 721 622 789 καί
650 721 727 799 τοὺς
755 721 875 803 νόμους
897 721 1008 789 πολλά
1031 723 1106 788 δια-

20 829 289 910 πεπραγμένον,·
322 822 554 901 οὐδεπώποτε,
585 818 670 890 ἀλλὰ
696 824 861 907 περιεῖδες
884 822 984 890 αὐτόν
1007 825 1040 890 έν
1063 827 1105 912 τῇ

22 925 139 1014 ἀγορᾷ
161 927 299 1008 χαλκοῦν
322 931 489 993 σταθέντα
517 928 570 992 καί
599 928 657 1014 τῆς
679 926 712 993 έν
736 925 922 1013 πρυτανείῳ
945 924 1106 1004 σιτήσεως

23 1028 290 1114 κεκοινωνηκότα
311 1038 382 1107 τοῖς
401 1023 581 1111 Ἁρμοδίου
601 1030 655 1095 καί
675 1022 957 1114 Ἀριστογείτονος
979 1024 1106 1113 ἀπογό-

26 1158 113 1211 νοις.
155 1131 274 1198 όπειτα
296 1133 362 1196 ποῦ
385 1132 444 1218 τής
467 1125 595 1209 εύνοίας
616 1133 674 1218 τῆς
690 1133 748 1215 σῆς
765 1125 782 1196 ό
801 1132 904 1218 δήμος
919 1129 1016 1215 ἔλαβε
1031 1139 1106 1196 πεῖ·
1119 1142 1179 1203 102

26 1262 103 1320 ραν,
128 1228 150 1323 ἢ
172 1241 240 1300 ποῦ
262 1233 321 1319 τὴν
344 1235 402 1298 τού
424 1232 561 1319 ῥήτορος
582 1233 744 1318 βοήθειαν
764 1235 817 1299 καί
843 1233 979 1314 δύναμιν
995 1231 1106 1312 έξετα-

29 1339 172 1421 ζομένην
195 1336 346 1417 ε’ίδομεν,·
379 1327 400 1422 ἢ
426 1333 572 1401 ἐνταῦθα
595 1333 714 1424 φήσετ’
739 1329 824 1402 εἶναι
846 1336 958 1416 δεινοί,
989 1335 1018 1402 εί
1040 1359 1106 1400 πα·

29 1438 295 1523 ρακρούσεσθε
329 1436 466 1514 τούτους
502 1431 554 1503 ἀεὶ
589 1438 736 1521 λέγοντες
765 1432 809 1516 ὥς
838 1431 895 1504 ούκ
923 1438 1011 1504 έστιν
1041 1436 1105 1515 όξον

30 1545 92 1631 τῆς
122 1541 285 1623 πατρίδος
313 1537 390 1621 ύμῖν
421 1538 586 1619 έξελθεῖν,
617 1534 675 1606 ούκ
705 1541 793 1606 ίστιν
822 1538 903 1625 άλλη
933 1538 1102 1628 καταφυγή

31 1647 134 1728 χωρίς
155 1645 214 1730 τῆς
236 1638 395 1729 ἡμετέρας
418 1635 568 1722 εύνοίας,·
591 1640 753 1726 φανερούς
769 1641 861 1728 έχρῆν
876 1647 1106 1727 γεγενημένους

34 1743 319 1830 ἀντιπράττοντας
347 1740 402 1809 καί
424 1742 510 1830 λόγῳ
539 1742 593 1808 καί
616 1743 700 1828 έργφ
722 1756 793 1820 τοῖς
814 1743 897 1809 κατά
918 1751 977 1808 τοῦ
1000 1741 1104 1827 δήμου

33 1853 257 1936 γραφομένοις
280 1843 509 1930 ψηφίσμασιν,
537 1839 623 1910 ούτω
646 1849 781 1911 πείθειν
804 1843 954 1922 τούτους,
985 1845 1106 1928 [λέγον-

36 1956 109 2030 τας]
137 1945 182 2025 ὥς
204 1944 259 2014 ούκ
281 1948 371 2014 ἔστιν
394 1946 471 2030 ύμῖν
494 1944 630 2031 οὐδεμία
653 1953 798 2032 σωτηρία
819 1947 918 2030 χωρίς
940 1948 998 2032 τῆς
1014 1945 1106 2030 παρά

39 2060 100 2121 τοῦ
122 2049 226 2139 δήμου
246 2039 416 2136 βοηθείας.
462 2045 555 2131 ύμεῖς
584 2043 614 2114 δ’
641 2049 674 2115 έν
702 2059 774 2126 τοῖς
802 2049 863 2129 ἔξω
885 2046 944 2126 τάς
967 2045 1105 2124 ἐλπίδας
1119 2058 1178 2120 103

42 2157 133 2237 ἔχετε,
158 2150 380 2234 ἁμιλλώμενοι
402 2155 476 2228 ταῖς
498 2151 682 2229 κολακείαις
703 2151 789 2234 πρὸς
810 2149 886 2229 τοὺς
909 2145 1107 2235 ὁμολογοῦν-

44 2281 99 2335 τας
119 2254 201 2339 ύπίρ
221 2253 440 2338 Ἀλεξάνδρου
462 2253 619 2334 πράττειν
642 2254 697 2320 καὶ
722 2255 812 2337 δῶρα
828 2253 998 2341 εἰληφέναι
1013 2252 1106 2337 παρὰ

40 2364 105 2424 τῶν
133 2356 243 2424 αύταλν
272 2350 383 2438 ιόνπερ
406 2358 462 2422 νῦν
486 2350 724 2441 ἀποπέφαγκεν
747 2351 831 2439 ὑμᾶς
852 2355 872 2444 ή
894 2355 1006 2442 βουλή.
1051 2357 1105 2421 καί

39 2463 80 2527 σὺ
103 2459 236 2553 πάντων
256 2466 322 2524 τῶν
340 2455 498 2546 Ἑλλήνων
522 2458 668 2525 ἐναντίον
692 2460 910 2541 διειλεγμένος
932 2457 1103 2542 Νικάνορι,

40 2563 94 2629 καλ
115 2559 352 2643 κεχρηματικὼς
374 2557 408 2625 ἐν
426 2554 593 2647 Ὀλυμπίᾳ
616 2561 695 2646 περί
719 2555 763 2627 ὧν
788 2560 982 2648 ἐβουλήθης,
1009 2560 1107 2626 έλεει·

42 2663 98 2732 νόν
119 2664 173 2730 νῦν
197 2658 335 2727 σεαυτόν
356 2661 604 2741 κατασκευάζεις
626 2663 792 2749 προδότης
815 2657 860 2729 ἀν
885 2662 939 2728 καὶ
963 2658 1107 2747 δωροδό-

41 2791 107 2844 κος,
129 2761 172 2842 ὦς
194 2759 537 2848 ἐπιμελησομένους
558 2761 694 2841 τούτους
712 2768 769 2853 τῆς
785 2768 844 2854 σῆς
859 2770 1028 2851 πονηρίας,
1053 2767 1106 2831 καί

44 2865 82 2936 ού
105 2866 216 2934 δώσων
246 2862 336 2951 δίκην
365 2861 450 2947 ὑπὲρ
480 2857 526 2929 σίν
556 2867 693 2950 ε’ίληψαι
723 2867 928 2954 πεποιηκώς,
958 2868 1105 2955 τοσούτῳ
1119 2876 1180 2938 104

44 2969 276 3054 τολμηρότερον
306 2966 481 3052 Δημάδου,
512 2962 601 3034 ὥσθ’
631 2963 648 3033 ό
677 2970 736 3053 μέν
765 2968 969 3057 προειρηκιός
997 2970 1031 3037 έν
1060 2979 1107 3058 τη]

47 3072 135 3162 δήμῳ
155 3071 210 3136 τὸν
235 3069 351 3137 ἑαυτοῦ
373 3069 499 3155 τρόπον
529 3070 584 3138 καί
610 3070 668 3160 τήν
684 3059 879 3152 ἀπόνοιαν,
910 3075 963 3139 καί
987 3068 1109 3156 όμολο-
1135 3135 1139 3143 .

46 3177 109 3262 γῶν
130 3172 302 3257 λαμβάνειν
324 3172 379 3238 καί
401 3173 587 3260 λήψεσθαι,
612 3170 701 3257 όμως
723 3167 761 3240 ού
783 3173 963 3261 τετόλμηκε
977 3176 1108 3254 τούτοις

19 3371 21 3376 ·
112 3340 200 3407 101,2
223 3345 268 3394 καί
290 3346 349 3409 post
367 3336 467 3396 δεινῶν
489 3360 540 3398 om.
556 3345 591 3411 Δ,
615 3340 711 3398 διινῶε
727 3340 899 3415 παρανόμων
916 3343 1018 3398 Bekker
1036 3351 1055 3400 t.
1073 3373 1108 3385 ·-

49 3417 66 3465 4
82 3407 241 3532 τίσήψέξλοιατ
252 3411 284 3492 ju
302 3410 414 3491 nJargine
430 3412 472 3465 A&
490 3442 523 3452 -
542 3417 556 3466 5
574 3410 608 3466 τό
698 3410 830 3492 ψήφισμα
847 3412 916 3466 ANt:
936 3429 999 3466 corr.
1012 3412 1107 3466 Reiske

50 3510 82 3519 —
99 3498 132 3532 πο
168 3476 174 3494 “
193 3479 233 3529 b1s
251 3478 336 3531 mtuht
354 3479 434 3546 Apr„
453 3480 522 3546 prius
534 3482 636 3548 punctis
648 3480 740 3534 addltis
753 3482 874 3534 deletum.
891 3509 925 3518 -
942 3484 958 3534 6
977 3475 1107 3534 οὐδέποτε

51 3548 81 3601 N.
99 3576 127 3585 -
144 3552 157 3600 ’ί
173 3550 226 3598 τοῐε
243 3547 265 3595 Α
283 3562 330 3613 pn,
350 3546 398 3612 τῆε
414 3545 449 3597 Α2
466 3576 498 3586 -
516 3549 547 3598 ἐν
563 3548 605 3614 τῷ
621 3547 652 3612 Ν,
670 3549 702 3604 σί.
722 3550 739 3601 G
757 3567 783 3618 p.
796 3554 836 3603 11.
853 3547 966 3611 -102,
985 3552 1002 3602 4
1019 3566 1107 3620 παρα-

52 3614 196 3734 κρούσηηθε
217 3613 254 3733 ἴε,
277 3611 480 3734 παρακροὲίισφίε
504 3615 810 3738 ΑεΙῧοὲῐ.4Βηλίεεε.Ν-
834 3610 1040 3737 85ούὲντῶιΝΑ
1057 3633 1108 3696 σφι

54 3700 163 3803 ίλλίνυν
172 3749 204 3803 Ν.
221 3698 505 3830 -ι-γόπῆαγλόυλήθήειίλ.
522 3778 556 3789 -
573 3753 588 3802 8
605 3701 1109 3820 ’ίπιλιήόόήιενουε-ὃίερλιεῗίότεῗόπίλίῖ

25 3887 26 3894 ¹
55 3817 185 3902 λητμίηουτ
201 3816 301 3872 Βειείτε.
325 3847 359 3858 -
383 3821 398 3872 9
416 3821 479 3886 περὶ
496 3820 519 3871 Α
532 3833 582 3904 φα,
599 3813 667 3890 ύπίρ
684 3820 778 3899 A¹.,-
795 3817 857 3887 104,
875 3821 890 3872 3
907 3817 958 3873 τόν
976 3815 1059 3874 αύτοῦ
1076 3819 1108 3886 Α,

55 3905 100 3940 τον
117 3885 191 3937 αυτοῦ
209 3891 227 3938 ί.
244 3915 276 3925 -
294 3890 311 3939 4
327 3883 491 3955 τετόλμηκεν
509 3888 597 3939 αυτοῖε
614 3888 644 3940 Α.
