2668 4558
416 159 500 210 ms
517 156 768 210 ΔΗΜΟΣΘΕΝΟΥΣ.
1110 157 1128 214 5

38 337 127 414 χίαν
145 328 319 418 νικήσαντι
332 327 623 406 Λακεδαιμονίους
644 323 699 391 καὶ
715 323 870 404 Κόνωνος
885 324 950 391 υἱεῖ
972 331 1030 390 τοῦ
1053 324 1130 403 τούς

32 431 210 518 Ἕλληνας
232 429 518 515 ἐλευθερώσαντος
545 426 601 493 καὶ
618 425 730 510 Σάμον
753 427 906 510 λαβόντι
928 429 981 493 καί
997 427 1130 493 Μεθώ-

42 561 109 622 νην
141 535 198 600 καί
221 532 356 599 Πύδναν
383 533 437 597 καί
459 530 647 595 Ποτίδαιαν
676 529 837 613 καὶπρὸς
859 527 995 606 ταύταις
1017 528 1130 611 ἐτέρας

45 639 165 705 ε’ίκοσι
188 635 320 714 πόλεις,
351 631 409 700 ούκ
432 631 644 718 ἐποιήσασθε
665 627 847 716 ύπόλογον,
875 629 952 697 οὐδὲ
973 633 1033 719 τῆς
1054 630 1130 698 τότε

45 735 242 823 ἐνεστώσης
264 745 401 819 κρίσεως
424 731 501 801 οὐδέ
522 740 588 799 τῶν
604 729 718 818 ὅρκων,
743 731 799 812 οὓς
821 733 1029 817 ὀμωμοκότες
1052 733 1130 818 ἐφέ-

47 865 129 926 ρετε
151 839 211 928 τήν
234 845 361 927 ψῆφον,
382 838 387 920 Ι
407 835 769 921 ἐντικατηλλάξασθε
790 835 850 913 τὰς
871 834 1026 914 τοιαύτας
1042 832 1129 919 εύερ-
1150 847 1180 899 92

47 947 180 1028 γεσίας,
204 934 280 1007 ἀλλ’
304 937 417 1006 ἑκατὸν
440 937 609 1004 ταλάντων
631 937 817 1025 ἐτιμήσατε,
842 933 894 1003 ότι
915 936 1054 1022 χρήματ’
1071 935 1130 1003 αύ-

51 1041 128 1109 τόν
146 1041 404 1128 Ἀριστοφῶν
425 1041 498 1126 ἐφη
515 1039 607 1124 παρὰ
621 1037 717 1107 Χίων
733 1039 902 1125 εἰληφέναι
916 1039 971 1106 καὶ
982 1035 1128 1106 Ῥοδίων·

53 1144 114 1211 τόν
138 1145 174 1212 δέ
196 1144 426 1211 κατάπτυστον
452 1144 568 1208 τοῦτον
595 1141 650 1209 καὶ
671 1141 803 1227 Σκύθην
826 1180 863 1190 -
891 1141 1047 1227 ἐξάγομαι
1068 1141 1181 1228 γόρ15

50 1285 105 1327 -,
131 1245 171 1313 ὃν
195 1242 252 1330 ούχ
274 1242 321 1324 εἷς
343 1240 426 1332 άνήρ
449 1242 534 1310 ἄλλά
555 1247 648 1310 πάσα
670 1241 742 1333 ήέξ
753 1242 883 1327 Ἀρείου
900 1244 1010 1330 πάγου
1025 1245 1128 1331 βουλή

53 1347 229 1437 ζητήσασα
252 1344 474 1433 ἀποπέφαγκε
494 1344 642 1434 χρήματα
667 1347 749 1428 ἐχειν
771 1339 854 1412 καθ’
879 1341 981 1428 ὑμῶν,
1009 1350 1063 1411 καὶ
1087 1343 1130 1425 ὃς

51 1452 302 1534 ἀποπέφανται
324 1449 521 1531 μισθαρνῶν
543 1446 597 1512 καὶ
619 1446 812 1530 δωροδοκῶν
832 1447 915 1514 κατά
929 1449 987 1533 τής
1002 1447 1132 1526 πόλεως

49 1556 108 1621 καὶ
133 1554 239 1618 ταῦτα
262 1549 498 1640 ἐξελήλεγκται,
528 1551 645 1615 τούτου
672 1548 710 1616 ού
732 1548 1000 1636 τιμωρησάμενοι
1022 1552 1132 1635 παρά-

52 1659 176 1742 δειγμα
199 1653 357 1740 ποιήσετε
378 1661 450 1731 τοῖς
480 1650 607 1731 ἄλλοις,
641 1649 677 1730 ὃς
706 1646 764 1717 ούκ
791 1652 825 1718 ἐκ
853 1655 918 1719 τῶν
946 1653 1128 1738 βασιλικῶν

52 1759 159 1844 μόνον
182 1755 327 1843 εἰληφώς
347 1761 481 1838 χρυσίον
505 1752 647 1839 φανερός
666 1752 765 1834 ἐστιν,
789 1751 950 1820 ἀλλὰκαὶ
973 1755 1008 1834 ἐξ
1029 1753 1129 1842 αὐτῆς

52 1864 115 1945 τῆς
138 1858 268 1936 πόλεως
290 1861 584 1942 κεχρηματισμένος
612 1851 630 1920 ό
653 1857 708 1921 νύν
732 1852 809 1922 οὐδὲ
831 1858 896 1922 τῶν
918 1851 985 1922 ύπὸ
1004 1851 1127 1940 Ἁρπά-

55 1965 118 2028 λου
147 1965 374 2042 κομισθέντων
401 1958 576 2046 χρημάτων
605 1958 651 2036 εἰς
677 1956 734 2047 τήν
758 1955 858 2024 πόλιν
881 1952 1128 2042 ύποσχόμενος;

58 2067 170 2128 καίτοι
191 2065 224 2126 τί
242 2065 338 2145 μέρος
352 2060 422 2128 έστί
438 2063 504 2128 τῶν
520 2056 587 2125 ύπό
606 2064 776 2138 Τιμοθέου
792 2066 1032 2145 πεπραγμένων
1048 2056 1127 2146 άγα-
1140 2067 1179 2129 16

61 2166 136 2229 θῶν
159 2161 197 2242 ἃς
211 2164 428 2251 Δημοσθένης
452 2163 669 2248 ἐπρέσβευσεν
692 2161 738 2241 είς
756 2162 867 2251 Θήβας
889 2169 1085 2250 πρεσβείας,·
1108 2157 1129 2254 ἢ

59 2272 111 2345 τίς
140 2263 197 2332 ούκ
224 2259 263 2332 άν
291 2266 540 2353 καταγελάσειεν
569 2262 657 2348 ύμῶν
684 2273 750 2332 τῶν
779 2269 904 2334 τούτο
931 2266 1127 2349 τολμώντων

57 2363 195 2449 άκούειν,
220 2363 371 2448 ἀντιθεὶς
394 2367 449 2455 ἐφ’
468 2363 520 2446 αῖς
544 2361 640 2445 οὗτος
659 2366 851 2450 σεμνύνεται
866 2368 1028 2452 πράξεσιν
1045 2369 1128 2437 ἐκεί-

56 2494 115 2547 νας
137 2468 176 2547 ἃς
194 2471 365 2552 Τιμόθεος
387 2468 472 2552 ὑμᾶς
494 2471 548 2536 καί
567 2468 683 2536 Κόνων
707 2468 937 2556 εύεργέτησαν;
960 2466 1044 2537 άλλά
1066 2471 1127 2555 γὰρ

58 2565 96 2637 ού
126 2571 212 2653 πρὸς
241 2573 339 2636 τοῦτο
368 2568 405 2635 τό
434 2571 593 2655 κάθαρμα
622 2569 847 2657 παραβάλλειν
877 2574 928 2639 δεῖ
948 2571 1025 2649 τούς
1048 2569 1126 2650 άξια

57 2674 112 2738 καί
135 2674 193 2757 τῆς
215 2670 346 2749 πόλεως
368 2674 421 2737 καί
443 2675 508 2738 τῶν
530 2673 703 2759 προγόνων
720 2669 804 2758 ύπέρ
820 2670 910 2756 ύμῶν
927 2670 1127 2758 πράξαντας.

60 2773 310 2860 παρασχόμενος
345 2758 402 2841 ούν
436 2773 475 2840 τὸ
504 2776 665 2864 ψήφισμα
695 2775 733 2841 τὸ
767 2781 926 2862 Τιμοθέῳ
955 2775 1127 2863 γενόμενον

61 2875 160 2942 πάλιν
182 2873 239 2943 ἐπὶ
262 2873 339 2956 τούς
361 2876 441 2961 περὶ
462 2877 581 2943 τούτου
603 2876 719 2962 λόγους
740 2879 932 2961 βαδιοῦμαι.
968 2877 1069 2964 Λέγε.

494 2999 693 3052 ΨΉΦῙΣΜΔ.

141 3125 174 3196 Ὁ
196 3132 362 3210 τοιοῦτος,
387 3123 413 3197 ὦ
435 3131 667 3220 Δημόσθενες,
691 3131 847 3218 πολίτης,
872 3132 908 3213 ὃς
931 3137 1065 3213 δικαίως
1088 3127 1126 3200 ῶν
1139 3139 1177 3201 17

128 3356 144 3404 4
159 3349 304 3420 λαβόνταεε
323 3368 388 3406 corr.
407 3353 518 3422 Sauppe,
536 3354 669 3408 Thirlwall
688 3361 714 3409 et
731 3359 855 3423 praebent
872 3357 918 3409 NA
936 3374 972 3423 pr.
990 3358 1016 3409 in
1035 3374 1071 3410 or.
1089 3359 1128 3413 111.

64 3449 96 3458 -
113 3423 126 3473 6
142 3415 193 3472 άπὸ
212 3417 294 3491 λόγον
310 3421 347 3486 Α,
370 3416 507 3493 ὑπόλογον
524 3423 555 3478 N.
574 3454 608 3463 -
627 3427 642 3478 8
660 3419 965 3488 άντικαταλλάξασθαιι
988 3441 1051 3478 corr.
1069 3426 1127 3480 Ald.

65 3517 96 3526 -
113 3491 127 3541 9
143 3483 220 3539 αὐτὸν
236 3491 301 3558 ἔφης
321 3505 385 3541 corr.
404 3505 435 3541 ex
454 3506 490 3544 or.
507 3491 545 3544 ΠΙ.
563 3493 658 3558 -15,
677 3497 689 3545 1
710 3491 760 3545 τὸν
777 3510 841 3546 κατ·
859 3497 919 3559 (om.
932 3489 972 3558 δὲ)
991 3494 1127 3547 obliterata

66 3559 121 3608 rest,
133 3555 166 3607 ΝἋ
182 3559 266 3622 spatio
279 3558 396 3624 largiore.
419 3586 450 3594 —
474 3562 489 3611 3
508 3553 703 3631 ἀποπέφαγκεν
720 3560 767 3613 AN
784 3591 819 3600 —
835 3565 881 3612 καὶ
899 3555 936 3613 ῶι
952 3563 1036 3629 Aps,
1062 3577 1126 3616 corr.

65 3623 106 3687 A2,
122 3640 198 3676 ....ι
214 3624 236 3676 Ν
250 3641 297 3691 pr.‚
314 3628 359 3676 καὶ
376 3626 427 3678 νῦν
444 3624 481 3676 N²
497 3655 531 3664 -
548 3631 565 3680 4
583 3623 740 3697 ἇπέφανται
757 3630 838 3696 Aps,
857 3645 920 3681 corr.
933 3629 975 3681 A&
995 3659 1028 3668 -
1046 3633 1062 3683 6
1080 3627 1127 3682 ἄλ

67 3688 162 3754 laam
182 3720 216 3730 -
238 3697 252 3745 7
270 3691 353 3760 μόνοι
369 3696 391 3744 Α
410 3710 462 3760 ρο,
487 3709 551 3748 corr.
567 3696 601 3746 Α1
620 3726 652 3734 -
671 3694 799 3766 φανερόεε
825 3697 862 3749 ῶε
886 3698 1066 3764 superscripsit
1083 3699 1126 3752 Αἱ.

66 3789 97 3797 -
114 3762 127 3811 8
142 3765 395 3845 κιχρηματισμενοτ·
413 3768 431 3814 t.
450 3790 480 3800 —
497 3765 513 3816 9
531 3759 722 3831 ι’·ποσχόμενατ.
740 3770 758 3816 t.
776 3793 810 3804 -
827 3766 899 3830 16,3
916 3761 1015 3818 τούτου
1025 3766 1127 3820 Reiske.

67 3855 97 3865 -
113 3831 128 3879 4
143 3826 249 3896 πράξειε
266 3829 288 3879 Α
306 3845 356 3894 pr„
380 3845 444 3884 corr.
461 3817 504 3884 ΑΥ.
523 3859 556 3870 -
577 3834 592 3884 6
611 3825 626 3883 ὁ
645 3833 667 3884 N
684 3849 731 3899 pn,
755 3827 786 3884 ού
804 3833 847 3886 N2.
870 3863 903 3871 —
929 3837 960 3886 10
978 3835 1018 3889 tit.
1036 3836 1128 3888 om.A

68 3894 129 3947 nulla
145 3896 239 3947 lacuna.
258 3897 349 3961 -17,
369 3900 381 3951 1
401 3893 415 3949 ὁ
435 3893 499 3964 δημ-
518 3900 547 3951 Α.
