2668 4558
407 205 490 258 ΚΑΤΑ
507 205 759 259 ΔΗΜΟΣΘΕΝΟΥΣ.
1080 209 1121 268 23

34 370 128 440 ἀλλά
152 375 209 440 καὶ
229 376 303 440 λίαν
324 371 451 459 ἀληθές
473 372 512 440 τὸ
533 372 610 450 τούς
631 369 792 457 ἡγεμόνας
814 373 941 455 αἰτίους
964 374 1121 445 ἀπάντων

35 481 204 560 γίνεσθαι
237 477 379 541 καὶτῶν
402 473 540 559 ἀγαθῶν
573 474 715 542 καὶτῶν
739 475 894 544 ἐναντίων
922 488 995 556 τοῖς
1023 482 1122 546 πολί-
1323 547 1325 554 ,

34 603 125 655 ταις.
169 577 365 661 θεωρήσατε
388 576 427 666 δὴ
449 577 552 642 πάλιν
575 577 628 641 καὶ
652 576 709 644 έπὶ
732 580 789 666 τῆς
804 577 963 668 ἡμετέρας
978 580 1117 662 πόλεως,
1130 589 1169 650 75

8 749 9 752 ,
37 678 98 746 τόν
123 677 231 744 αὐτόν
254 678 379 761 τρόπον
403 678 622 758 ἐξετάσαντες.
663 675 684 764 ἡ
707 679 807 757 πόλις
828 677 920 766 ἡμῶν
944 666 983 771 ἦν
998 682 1121 769 μεγάλη
1257 670 1258 683 ¹

8 753 9 840 λ
37 785 91 848 καὶ
126 783 264 860 ἔνδοξος
292 781 384 863 παρὰ
411 791 483 858 τοῖς
498 778 630 867 Ἕλλησι
660 783 715 847 καὶ
744 786 811 849 τῶν
839 784 1010 867 προγόνων
1034 779 1119 866 ἀξία,

38 883 127 968 μετά
151 909 190 967 γε
212 883 270 960 τὰς
293 877 431 966 ἀρχαίας
453 883 576 959 ἐκείνας
604 884 757 965 πράξεις,
788 879 843 950 ὅτε
868 885 991 966 Κόνων,
1022 884 1066 965 ῶς
1089 887 1122 953 οί

39 982 269 1070 πρεσβύτεροι
298 987 464 1068 λέγουσιν,
496 982 622 1070 ένίκησε
650 985 706 1072 τὴν
738 985 772 1051 ἒν
794 988 906 1072 Κνίδῳ
929 995 1119 1070 ναυμαχίαν,

41 1084 98 1154 ύτε
123 1081 312 1172 Ἰφικράτης
348 1080 457 1155 ἀνεῖλε
489 1084 548 1175 τήν
578 1085 856 1170 Λακεδαιμονίων
890 1087 1032 1172 μόραν,
1066 1087 1122 1156 ὅτε

8 1223 9 1280 η
43 1196 202 1275 Χαβρίας
239 1187 272 1254 έν
309 1189 410 1273 Νάξῳ
448 1189 712 1276 κατεναυμάχησε
747 1189 808 1268 τὰς
842 1188 1120 1274 Λακεδαιμονίων

8 1323 9 1328 ’
44 1293 208 1380 τριήρεις,
240 1287 295 1357 ὅτε
325 1289 494 1370 Τιμόθεος
521 1290 579 1377 τὴν
611 1292 643 1358 έν
673 1292 822 1379 Κερκύρᾳ
851 1299 1032 1376 ναυμαχίαν
1056 1293 1122 1359 ἒνί-

44 1421 130 1481 κησε.
167 1391 254 1471 τότε,
280 1384 306 1458 ῶ
320 1390 508 1479 Ἀθηναῖοι,
531 1392 607 1461 τότε
629 1395 736 1478 οἱμὲν
751 1395 913 1479 πρότερον
930 1393 1021 1474 ὄντες
1038 1396 1120 1477 λαμ·
1132 1404 1171 1466 76

45 1500 124 1582 προὶ
153 1496 212 1562 διὰ
232 1495 310 1572 τούς
332 1491 495 1582 ἡγεμόνας
511 1496 777 1577 Λακεδαιμόνιοι
798 1499 852 1562 καὶ
868 1493 936 1563 ύπὸ
951 1508 1023 1576 τοῖς
1039 1497 1121 1564 ἐκεί-

45 1627 107 1666 νων
124 1595 232 1686 ἤθεσι
247 1597 426 1683 τραφέντες
441 1601 593 1664 ταπεινοὶ
611 1598 696 1681 πρὸς
714 1597 770 1683 τὴν
794 1597 894 1665 πόλιν
918 1597 1008 1688 ἡμῶν
1031 1593 1119 1684 ἧκον,

49 1701 199 1783 δεόμενοι
214 1707 272 1784 τῆς
287 1697 378 1783 παρά
393 1706 458 1766 τῶν
481 1695 687 1787 ἡμετέρων
710 1697 883 1783 προγόνων
905 1709 1077 1787 σωτηρίας,
1102 1698 1120 1767 ό

48 1805 82 1870 δὲ
109 1803 312 1878 καταλυθείς
348 1795 410 1866 ὑπ’
435 1798 565 1866 ἐκείνων
591 1801 596 1882 Ι
624 1802 724 1888 δῆμος
754 1799 810 1866 διὰ
832 1799 909 1878 τούς
931 1800 1007 1867 τότε
1028 1826 1120 1884 γενο-
1129 1818 1172 1870 100

51 1905 163 1988 μένους
185 1896 272 1985 παρ’
298 1897 390 1990 ἡμῖν
414 1900 619 1986 συμβούλους
641 1901 745 1968 πάλιν
769 1897 896 1988 ἦγεμῶν
920 1893 958 1990 ἦν
974 1905 1039 1969 τῶν
1051 1900 1120 1968 Ἑλ-

8 2009 9 2050 ί
54 2006 164 2093 λήνων,
187 2007 333 2082 δικαίως,
358 2000 462 2087 οίμαι,
486 2010 675 2089 στρατηγῶν
690 2002 750 2085 μέν
765 2002 926 2069 τοιούτων
942 2005 1120 2091 τετυχηκώς

58 2107 132 2171 οἵων
154 2102 247 2173 εἶπον
271 2101 401 2188 ἀρτίως,
425 2104 630 2188 συμβούλους
654 2103 688 2168 δ’
712 2105 791 2186 έχων
813 2099 962 2188 Ἀρχῖνον
985 2108 1038 2172 καὶ
1055 2111 1120 2172 Κέ-

68 2209 163 2290 φαλον
183 2207 233 2274 τόν
259 2209 480 2274 Κολλυτέα.
523 2213 585 2290 μία
613 2205 673 2291 γὰρ
705 2203 786 2292 αὕτη
810 2205 956 2294 σωτηρία
978 2211 1031 2273 καί
1054 2206 1119 2274 πό-

65 2310 144 2386 λεως
160 2313 207 2376 καὶ
227 2311 351 2387 ἔθνους
374 2309 453 2389 ἔστί,
477 2309 515 2379 τό
538 2313 736 2393 προστατῶν
760 2303 888 2391 ἀνδρῶν
906 2305 1044 2394 ἀγαθῶν
1065 2309 1120 2378 καὶ

56 2412 240 2496 συμβούλων
264 2413 456 2478 σπουδαίων
484 2422 601 2494 τυχεῖν.
647 2412 784 2496 διόπερ,
809 2402 1043 2498 ῶἈθηναίοι,
1069 2415 1169 2485 δεῖ77

51 2512 150 2580 ταῦθ’
180 2511 267 2596 ὑμᾶς
296 2509 441 2596 ὁρῶντας
470 2513 526 2580 καὶ
555 2514 783 2596 λογιζομένους
817 2513 862 2601 μὴ
891 2513 938 2595 μὰ
965 2512 1033 2579 Δία
1061 2515 1118 2580 τόν
1228 2542 1236 2552 “

48 2618 153 2684 πλείω
182 2613 298 2699 χρόνον
327 2624 385 2700 τῆς
406 2621 648 2701 Δημοσθένους
671 2613 873 2700 δωροδοκίας
902 2617 955 2680 καί
985 2609 1119 2697 ἀτυχίας

46 2729 226 2798 κοινωνεῖν,
250 2712 329 2805 μηδ’
348 2716 381 2784 ἐν
403 2713 509 2800 τούτῳ
532 2716 590 2792 τὰς
614 2714 752 2793 έλπίδας
771 2719 828 2802 τῆς
844 2721 1006 2801 σωτηρίας
1022 2715 1116 2798 ἔχειν,

44 2823 126 2909 μηδὲ
158 2823 295 2888 σ’ίεσθαι
318 2818 501 2908 ἀπορήσειν
524 2817 652 2902 ἀνδρῶν
678 2812 816 2901 ἀγαθῶν
845 2817 900 2884 κοιλ
923 2817 1117 2901 συμβούλων

45 2927 256 3002 σπουδαίων,
288 2918 372 2989 ἀλλά
393 2919 451 3010 την
473 2928 539 2988 τῶν
562 2919 733 3004 προγόνων
757 2919 919 3003 λαβόντας
942 2915 1038 3010 ἀργὴν
1060 2921 1116 2988 τόν

46 3025 99 3096 ἐπ’
120 3023 309 3112 αὐτοφώρῳ
332 3028 473 3113 κλέπτην
497 3023 688 3110 εἰλημμένον
711 3022 767 3089 καὶ
785 3023 963 3109 προδότην,
988 3024 1044 3089 τὸν
1060 3018 1117 3091 ούκ

46 3127 251 3214 ἀπεχόμενον
281 3130 345 3192 τῶν
376 3126 422 3205 εἰς
450 3125 508 3216 την
537 3125 637 3192 πόλιν
664 3119 912 3210 ἀφικνουμένων
934 3125 1115 3212 χρημάτων,

45 3234 99 3300 τόν
132 3233 181 3309 εἷς
210 3228 268 3308 τάς
298 3226 487 3307 δεινοτάτας
516 3227 649 3311 ἀτυχίας
679 3228 903 3315 ἐμβεβληκότα
925 3226 982 3314 την
1006 3227 1115 3308 πόλιν,

45 3335 99 3403 τόν
131 3338 193 3421 τῆς
217 3329 368 3411 Ἑλλάδος
396 3330 565 3418 ἀλιτήριον
594 3325 852 3409 ἀποκτείναντας
876 3333 926 3397 δεῖ
948 3329 1116 3412 έξόριστον

45 3437 161 3525 ἕκτης
184 3435 314 3513 πόλεως
336 3437 492 3523 ποιῆσαι,
522 3437 575 3500 καὶ
598 3431 870 3518 μεταβάλλεσθαι
892 3430 949 3521 την
972 3433 1029 3517 τῆς
1051 3431 1117 3498 πό-

113 3677 158 3740 75,
177 3679 193 3728 6
210 3671 264 3739 τὴν
281 3711 304 3726 ..
323 3675 362 3738 (ft.
380 3674 419 3738 ίυ)
436 3667 656 3740 λανεδαιμανιμο.
673 3671 694 3722 Α
713 3687 764 3739 pr„
787 3672 853 3723 inter
870 3637 1032 3722 s'cribendum
1050 3682 1114 3721 corr.

45 3747 127 3798 31-
140 3747 251 3813 μοῖρανε
270 3758 333 3794 corr.
344 3741 423 3794 Wolf.
436 3769 469 3780 -
481 3745 495 3792 7
509 3746 620 3810 χαυρίαε
632 3740 685 3792 ΑΝ.
704 3767 736 3776 -
755 3738 805 3822 λβ,
810 3741 827 3791 4
840 3741 896 3789 τοῖο
907 3738 928 3789 Α
941 3752 987 3804 pr„
1005 3751 1068 3788 corr.
1080 3735 1115 3787 Κ2

45 3806 321 3931 :²⁰¹⁵”i'⁰⁰⁷1‘³⁹ssv
338 3805 475 3929 ίίλῖλί
487 3810 527 3928 ί·
544 3809 605 3928 λλ·
622 3810 701 3926 λι.
723 3810 821 3928 ΨΚ
838 3803 1115 3940 θλίὲίὲθλὲ·

45 3885 112 4004 corr?
130 3898 173 4002 1⁰²
182 3897 232 3986 υ-τῖ
233 3898 274 3999 8λο
294 3917 336 3997 δἐῖ
358 3960 457 3997 erasum
475 3945 501 3996 in
518 3915 553 4006 λ,
578 3915 627 3995 οόι.
646 3947 666 3995 t.
684 3914 716 3982 -Ξ-
736 3947 765 3996 11
784 3913 993 4009 μόταβαλέσθαι
1009 3939 1063 3993 Αλί.
1107 3910 1115 3938 ’
