2668 4558
221 190 263 248 24
666 192 847 246 ΔΕΙΝΑΡΧΟΥ

220 361 303 437 λεως
324 359 421 444 τύχην
438 358 544 440 ε’ᾶσαι,
567 361 619 425 καί
636 361 865 450 προσδοκῆσαι
879 359 1004 428 τούτων
1019 366 1201 444 γενομένων
1216 365 1286 448 βέλ

220 485 292 529 τιον
315 460 464 544 πράξειν.

169 571 209 634 78
302 562 497 643 Ἀκούσατε,
530 548 775 649 ὦἈδηναῖοι,
805 563 954 632 κάκείνου
984 573 1043 631 τοῦ
1074 570 1308 652 Ψηφίσματος

217 669 277 733 τοῦ
298 671 480 752 γραφέντος
503 661 569 732 ὖπὸ
584 665 833 752 Δημοσθένους,
859 664 1131 752 ὃτεταραγμένης
1152 675 1211 754 τῆς
1235 669 1307 734 πά·

218 770 301 846 λεως
328 768 411 848 μετά
439 765 497 857 τήν
527 767 559 835 ἒν
590 766 781 855 Χαιρωνείᾳ
809 767 914 854 μάχην
944 770 1087 855 ἔγραψεν
1115 764 1132 834 ὁ
1156 772 1304 857 δημοτι-

217 868 274 948 κδς
302 864 413 950 οὗτος,
447 869 502 938 καὶ
530 873 588 957 τῆς
615 877 771 955 μαντείας
796 880 855 959 τῆς
881 870 1045 959 ἐλθούσης
1068 871 1103 940 έκ
1124 874 1304 960 Δωδώνης

218 971 313 1056 παρά
334 981 393 1040 τοι·
416 972 499 1050 Διὸς
520 975 580 1038 τοῦ
602 975 824 1041 Δωδωναίου·
859 977 976 1060 σαφῶς
998 973 1060 1063 γάρ
1082 973 1159 1058 ὑμῖν
1182 977 1302 1043 πάλαι

218 1082 396 1161 προείρηκε
419 1075 652 1161 φυλάττεσθαι
673 1077 750 1153 τοδς
772 1073 934 1163 ἡγεμόνας
963 1079 1015 1144 καί
1045 1078 1122 1156 τοδς
1145 1079 1302 1163 συμβού-

218 1178 306 1256 λους.
351 1183 442 1262 Λέγε
463 1177 522 1264 τὴν
544 1183 702 1259 μαντείαν
725 1181 868 1261 πρῶτον.

662 1315 850 1368 ΜΔΝΤΕῙΔ.

169 1491 210 1554 79
304 1486 396 1566 Λέγε
419 1481 457 1568 δη
482 1478 521 1546 τδ
543 1480 642 1548 καλὸν
665 1480 827 1569 ψήφισμα
848 1480 976 1551 τούτου.

657 1622 856 1676 Ψττααωκ.
1324 1570 1325 1664 ί

303 1787 493 1874 Δημοτικός
520 1789 555 1875 γ’
580 1785 598 1856 ὁ
630 1790 812 1857 διατάττων
841 1790 956 1858 ἑαυτὸν
983 1789 1058 1873 μέν.
1090 1790 1205 1876 ἐπειδὴ
1240 1787 1303 1858 άν-

221 1890 330 1973 δριῑος
352 1892 404 1958 καί
429 1891 571 1975 εὔψυχός
593 1891 699 1972 έστιν,
730 1893 766 1961 έν
788 1896 860 1971 τοῖς
883 1889 1002 1971 ὅπλοις
1024 1899 1143 1976 μένειν,
1174 1890 1235 1972 οὓς
1263 1888 1299 1959 δ’
1325 1919 1326 1924 ’

220 1984 261 2060 δίν
284 1991 407 2072 αὐτὸς
430 1989 662 2082 ἀποδοκιμάσῃ
684 1997 750 2062 τῶν
774 1997 931 2076 πολιτῶν,
956 1994 1013 2063 έπί
1036 1996 1077 2063 τὰ
1100 1997 1178 2081 έργα
1194 1994 1302 2062 άπιέ-
1326 2042 1327 2086 ,

220 2121 284 2175 ναι,
307 2094 363 2163 καί
386 2095 442 2163 έάν
465 2123 499 2164 τι
522 2095 602 2164 ἄλλο
626 2097 730 2183 τούτῳ
755 2095 832 2186 δόξη
856 2097 1046 2186 ἐπιτήδειον
1069 2093 1162 2179 εἶναι,
1193 2101 1302 2164 τοῦτο

219 2203 343 2266 ποιεῖν.
386 2205 477 2284 Λέγε
498 2196 540 2264 τά
562 2197 677 2266 λοιπά.

659 2318 858 2372 mmmm.

169 2492 210 2556 80
302 2483 465 2570 Ἀκούετε,
488 2481 605 2570 ἄνδρες
627 2486 789 2554 δικασταί.
825 2479 961 2552 ἀπιέναι
977 2485 1058 2573 φησὶ
1075 2482 1113 2552 τδ
1131 2483 1301 2571 ψήφισμα

219 2589 278 2668 τὰς
306 2585 483 2676 ᾑρημένος
510 2589 705 2673 πρεσβείαςῖ
746 2587 944 2677 ννέπειδη
976 2585 1095 2676 ἤκουσε
1122 2583 1205 2668 μετά
1233 2587 1298 2672 τὴν

218 2690 323 2777 μάχην
346 2689 404 2779 τὴν
427 2689 460 2758 ἐν
484 2695 674 2777 Χαιρωνείᾳ
699 2690 876 2758 Φίλιππον
906 2689 952 2768 είς
980 2686 1038 2777 τὴν
1066 2687 1174 2777 χώραν
1200 2684 1297 2774 ἡμῶν

183 2839 186 2846 ,
219 2793 351 2878 μέλλειν
376 2792 572 2877 εἰσβάλλειν,
604 2790 703 2870 αὐτὸς
729 2792 844 2861 ἑαυτὸν
867 2790 1072 2878 πρεσβευτὴν
1094 2789 1297 2858 κατασκευά-

221 2919 298 2974 σας,
329 2891 377 2961 ἵν’
403 2894 436 2962 έκ
462 2898 521 2984 τῆς
549 2893 681 2974 πόλεως
709 2893 894 2980 ἀποδραίη,
929 2891 1213 2977 συσκευασάμενος
1236 2899 1297 2980 τῆς

221 2995 415 3084 διοικήσεως
438 2991 522 3062 ὀκτώ
545 2997 702 3077 τάλαντα,
730 2993 824 3064 οὗδέν
848 3001 1028 3081 φροντίσας
1049 3002 1108 3083 τῆς
1130 2992 1204 3061 τότε
1226 3019 1296 3060 πα-

221 3097 342 3185 ρούσης
357 3093 510 3182 άπορίας,
535 3096 623 3186 ἡνίχ’
641 3099 675 3167 οἱ
696 3097 792 3166 ἄλλοι
814 3096 992 3176 πάντες-ἐκ
1014 3104 1079 3163 τῶν
1104 3097 1197 3164 ἰδίων
1215 3095 1295 3163 έπε-

171 3205 209 3269 81
224 3200 359 3268 δίδοσαν
383 3200 429 3278 είς
451 3198 509 3290 τήν
530 3198 688 3286 ὑμετέραν
711 3196 886 3288 σωτηρίαν.
916 3200 1066 3276 τοιοῦτος
1082 3193 1160 3278 ὑμῖν
1177 3194 1195 3264 ὁ
1211 3197 1294 3282 σύμ-

236 3388 249 3402 “
293 3389 323 3442 13
342 3383 449 3456 προίξ..
467 3386 491 3439 Ν
509 3403 559 3454 φα,
583 3403 647 3440 corr.
664 3385 707 3437 N¹.
724 3411 758 3424 -
776 3385 819 3450 fs,
837 3388 852 3438 2
870 3385 919 3437 τοῦ
996 3384 1122 3451 Δημοσθ.
1140 3385 1190 3437 del.
1210 3385 1292 3453 Kleyn

221 3486 255 3495 -
273 3449 319 3510 ὅτι
335 3475 426 3525 τιταρ.
444 3457 516 3522 Δρτ.
529 3456 550 3507 Ν
556 3457 572 3519 ¹,
590 3455 617 3506 in
636 3457 657 3505 Α
675 3468 761 3506 rasura
780 3469 852 3519 corn,
870 3447 1013 3522 δτπιταρ.
1032 3453 1054 3504 N
1073 3469 1110 3519 pr.
1128 3483 1162 3492 -
1180 3457 1195 3507 3
1214 3456 1293 3524 ίγρα-

222 3541 281 3595 φαν
293 3526 316 3576 Α
328 3540 373 3591 pn,
386 3539 449 3577 corr.
461 3525 504 3576 Δί.
521 3551 557 3562 -
574 3522 616 3584 w,
631 3526 642 3574 1
657 3518 724 3590 (τὸ)
736 3517 834 3573 τούτου
846 3521 940 3574 Reiske
952 3526 969 3573 t.
982 3550 1015 3560 -
1028 3523 1043 3574 3
1054 3540 1087 3591 γε
1098 3526 1109 3573 ί
1120 3551 1153 3559 -
1166 3517 1291 3574 διαττάτ·

221 3611 281 3645 των
297 3593 379 3675 Apu,
398 3607 461 3644 corr.
472 3591 517 3646 ΑΙ.
533 3620 568 3629 -
585 3593 600 3642 5
619 3575 697 3641 οὗτος
714 3587 736 3640 Ν
754 3618 788 3627 -
804 3585 1002 3671 ἄποδοκιμάσιι
1015 3589 1037 3641 N
1050 3597 1076 3641 ει
1090 3590 1151 3641 m
1165 3604 1211 3655 pn,
1229 3603 1291 3643 corr.

221 3661 299 3711 A1-
316 3678 351 3711 τοι
362 3674 413 3712 om.
424 3658 457 3711 N.
473 3686 508 3698 ·-
526 3661 541 3712 8
552 3661 688 3726 μαρτυρία
697 3656 727 3708 Α.
739 3685 773 3696 -·
785 3657 831 3722 80,
843 3660 856 3710 1
869 3645 893 3708 αί
905 3653 1000 3726 ανδριε
1010 3657 1052 3710 Δί.
1065 3685 1099 3697 ·-
1112 3659 1127 3708 2
1140 3657 1290 3727 ιίρημίναετ

222 3726 363 3807 σφαλλωί
370 3757 404 3768 -
413 3730 566 3796 πρεσβείου,
575 3727 619 3778 έπ.
627 3730 644 3790 ί,
655 3725 772 3777 lacunam
782 3726 870 3778 statuit
877 3723 1031 3790 λιὸιίιωίδί,
1041 3725 1211 3792 supplendum
1222 3725 1289 3778 ίοτίε

221 3811 299 3848 ουτοε
316 3791 333 3846 δ
338 3789 345 3812 '
360 3791 447 3861 ᾤχετο
458 3789 552 3847 άπιοίν
568 3822 602 3834 -
619 3789 715 3859 έπιιδὴ
726 3789 791 3862 (δι’)
804 3792 874 3846 Wolf
890 3822 923 3832 -
941 3788 1027 3857 ηίγιτο
1044 3800 1104 3860 poet
1118 3790 1242 3845 τάλαντα
1253 3794 1290 3844 in·

221 3861 430 3926 seritMaetzner,
449 3867 508 3928 post
519 3856 655 3930 ἀποδραίη
667 3861 749 3915 Βίτετ.
768 3890 802 3900 -
821 3855 1111 3930 δσυγκευασάμευοεΔ
1128 3890 1162 3901 -
1172 3860 1235 3930 (ἐκ)
1245 3859 1290 3925 τῆς

222 3930 319 3984 Wurm.
336 3959 370 3972 -
388 3934 403 3984 6
421 3927 485 3983 σδδδ
501 3928 531 3982 Α.
549 3959 583 3970 -
601 3934 615 3984 ’ί
636 3925 805 3985 ἀπεδίδοσαν
823 3928 854 3982 N.
871 3955 905 3967 ·-
923 3931 939 3983 8
957 3922 1092 4000 ἡμετέραν
1110 3927 1140 3983 Ν.
