2668 4558
223 175 263 232 14
669 175 851 232 ΔΕΙΝΑΡΧΟΥ

219 341 322 427 χίλιοι
341 344 546 427 μέδιμνοι
567 350 627 409 τοῦ
649 341 801 412 ίνιαυτοῦ
822 347 936 427 πυρῶν
953 340 1224 423 άποστέλλονται,
1248 370 1292 430 τῳ

169 456 210 516 44
222 439 295 512 οὐδ’
322 441 402 512 ὅποι
423 445 592 532 καταφύγῃ
616 442 732 512 αὐτίκα
756 445 897 536 φήσοντι
919 440 1022 529 elren,-
1056 439 1077 534 ἢ
1099 446 1137 511 τὸ
1160 444 1286 531 γράψαι

223 547 457 634 Ταυροσθένην
483 544 666 635 Ἀθηναῖον
697 541 798 629 εἶναι,
827 549 904 626 τοὺς
931 549 990 630 μὲν
1019 543 1118 614 αὑτοῦ
1147 547 1286 625 πολίτας

219 650 569 733 καταδουλωσάμενον,
599 653 659 738 τῆς
682 647 715 716 δ’
739 647 885 736 Εὖβοίας
908 646 985 735 όλης
1006 650 1089 733 μετὰ
1111 653 1169 715 τοῦ
1192 645 1286 716 ἀδελ-

219 755 284 839 φοῦ
314 753 461 818 Καλλίου
497 753 664 840 προδότην
700 754 866 840 Φιλίππῳ
899 757 1108 838 γεγενημένον
1116 781 1128 835 ,·
1162 750 1198 817 ὃν
1231 747 1286 819 οόκ

219 855 318 922 δῶσιν
348 855 382 922 οἱ
411 855 508 938 νόμοι
536 857 595 941 τῆς
619 855 807 942 Ἀθηναίων
834 853 943 938 χώρας
969 853 1168 940 ἐπιβαίνειν,
1200 855 1229 921 εί
1252 856 1286 921 δὲ

218 956 279 1042 μή,
309 970 381 1036 τοῖς
410 952 523 1036 αότοῖς
552 959 663 1041 ένοχσν
692 953 776 1024 εἶναι
803 953 990 1023 κελεύουσιν
1021 952 1141 1041 οἷσπερ
1171 955 1211 1023 άν
1236 983 1286 1036 τις

218 1062 283 1126 τῶν
312 1058 499 1146 φευγόντων
527 1061 563 1139 ἐξ
587 1057 718 1142 Ἀρείου
741 1057 850 1142 πάγου
872 1064 976 1144 κατίῃ.
1014 1059 1068 1123 καί
1090 1061 1207 1125 τοῦτον
1231 1053 1286 1125 οδ-

166 1168 274 1240 45τος
303 1157 320 1228 ό
352 1162 526 1246 δημοτικός
553 1159 709 1244 όμέτερσν
742 1160 866 1245 ἔγραψε
894 1162 1034 1248 πολίτην
1056 1153 1157 1228 εἶναι.
1209 1165 1285 1246 περί

216 1264 341 1330 τούτων
364 1250 422 1330 σάν
443 1263 608 1347 μάρτυρας
630 1257 707 1345 όμῖν
730 1261 782 1328 δεῖ
802 1263 922 1340 καλεῖν,
946 1255 966 1350 ἢ
988 1262 1066 1344 περὶ
1088 1264 1154 1327 τῶν
1178 1262 1286 1330 ἄλλων

217 1360 316 1443 ὅσους
346 1357 442 1442 οὗτος
474 1369 615 1450 γέγραφε
647 1361 827 1448 προξένους
863 1356 948 1430 εἶναι
984 1365 1037 1429 καὶ
1063 1358 1269 1450 Ἀθηναίους
1276 1395 1286 1448 ,·

163 1482 192 1533 96
212 1461 334 1553 (εἶτα),
370 1465 455 1548 πρὸς
482 1467 542 1551 τῆς
566 1465 572 1550 Ι
595 1463 759 1552 Ἀθηνᾶς,
787 1465 904 1534 σ’ίεσθε
927 1463 1026 1532 αὐτὸν
1049 1459 1203 1551 άργάριον
1225 1468 1286 1550 μὲν

211 1573 336 1650 χαίρειν
366 1566 592 1651 λαμβάνοντα,
622 1575 760 1653 χρυσίου
793 1565 826 1633 δ’
857 1568 963 1636 ε’ίκοσι
991 1567 1135 1635 τάλαντα
1164 1564 1223 1636 οόκ
1245 1563 1286 1636 άν

213 1672 326 1755 λαβεῖν
333 1699 344 1753 ,·
366 1665 388 1754 ἢ,
409 1669 492 1737 κατὰ
513 1669 630 1756 μικρὸν
651 1671 711 1755 μδν
733 1672 942 1753 δωροδοκεῖν,
966 1665 1093 1756 άθρόον
1113 1667 1145 1738 δ’
1164 1668 1221 1740 οὐκ
1244 1668 1286 1738 άν

212 1773 468 1855 προσδέξασθαι
488 1781 617 1840 τοσοῦ
624 1797 682 1839 τον
704 1774 815 1860 λῆμμα
822 1802 834 1856 ,·
856 1766 877 1861 ἢ
899 1773 935 1840 τί
940 1800 957 1840 ν
981 1773 1016 1853 ἐξ
1025 1769 1155 1859 Ἀρείου
1170 1773 1283 1859 πάγου

210 1874 331 1962 βουλήν
358 1881 579 1963 Δημοσθένην
607 1879 660 1943 καί
689 1875 849 1962 Δημάδην
876 1878 929 1944 καὶ
957 1880 1206 1965 Κηφισοφῶντα
1230 1878 1285 1958 ζ-

210 1978 360 2067 τήσασαν
382 1981 418 2058 ἓξ
437 1981 542 2065 μῆνας
564 1977 686 2058 ἀδίκως
708 1978 755 2058 τίς
778 1974 861 2062 όμᾶς
883 1982 1100 2064 πεποιῆσθαι
1120 1979 1179 2059 τὰς
1195 1978 1284 2046 ἀπο-

210 2083 348 2168 φάσειςς

159 2190 200 2255 46
296 2184 434 2262 Πολλοί,
458 2174 483 2248 ὦ
504 2181 634 2268 ἄνδρες,
659 2184 780 2250 πολλοὶ
802 2185 868 2248 τῶν
890 2184 1036 2249 πολιτῶν
1058 2186 1112 2250 καί
1134 2187 1201 2250 τῶν
1225 2183 1285 2251 άλ-

210 2286 276 2350 λων
295 2280 467 2374 Ἑλλήνων,
491 2281 573 2367 όπερ
595 2287 649 2350 καί
673 2282 835 2366 πρότερον
859 2278 964 2364 εἷπον,
986 2287 1173 2366 θεωροῦσιν
1195 2283 1284 2366 όμᾶς

209 2388 284 2465 πῶς
305 2388 421 2452 τοῦτον
445 2384 594 2452 δικάσετε
615 2383 673 2451 τὸν
696 2381 822 2468 άγῶνα,
860 2387 914 2450 καὶ
943 2382 1085 2465 πότερον
1109 2383 1284 2468 εἰσαγωγί-

209 2513 292 2573 μους
314 2489 367 2556 καλ
389 2487 448 2565 τὰς
469 2489 535 2553 τῶν
558 2484 666 2554 ἄλλων
690 2486 892 2569 δωροδοκίας
914 2481 1086 2574 ποιήσετε,
1118 2477 1140 2572 ἢ
1163 2479 1283 2570 άνέδην

210 2591 341 2672 ἐξέσται
364 2591 454 2675 δῶρα
476 2588 655 2674 λαμβάνειν
677 2586 759 2656 καθ’
784 2587 875 2674 ὑμῶν
897 2594 952 2656 καί
973 2586 1015 2654 τά
1037 2587 1200 2674 πρότερον
1224 2590 1282 2653 δο-

208 2697 328 2761 κοῦντα
349 2694 456 2760 πιστὰ
482 2694 536 2759 καί
565 2697 685 2777 βέβαια
714 2686 878 2760 εἶναινῦν
901 2689 1031 2760 άπιστα
1053 2691 1109 2758 διὰ
1131 2691 1189 2777 τὴν
1210 2696 1282 2778 Δη-

208 2801 395 2878 μοσθένους
416 2793 523 2881 κρίσιν
544 2794 731 2884 γενήσεται,
761 2792 804 2862 δν
833 2795 867 2864 ἐκ
895 2803 960 2862 τῶν
984 2791 1091 2860 ἄλλων
1115 2802 1279 2879 προσῆκεν

208 2893 419 2964 ἀπολωλέναι
443 2904 509 2964 τόν
532 2899 822 2981 πεπολιτευμένων
845 2889 944 2982 αὐτῷ,
975 2892 1012 2973 ὃς
1034 2891 1183 2974 άπάσαις
1204 2900 1280 2974 ταῖς

208 2995 305 3082 άραῖς
332 3002 407 3076 ταῖς
435 2997 468 3065 δν
496 3006 537 3085 τῇ
564 2999 664 3066 πόλει
691 3001 897 3084 γινομέναις
925 2996 1037 3078 λ’νοχος
1065 3002 1277 3084 καθέστηκεν,

44 3145 52 3158 κ
156 3111 197 3171 47
208 3100 419 3188 ἐπιωρκηκώς
450 3100 510 3184 μὲν
538 3101 597 3180 τάς
625 3102 747 3183 σεμνὰς
775 3098 859 3176 θεδις
887 3097 921 3166 ἐν
947 3096 1069 3187 Ἀρείῳ
1098 3100 1195 3186 πάγῳ
1224 3103 1277 3166 καὶ

206 3203 282 3282 τοί-ς
304 3200 424 3283 άλλους
446 3204 550 3284 θεοδς
572 3201 630 3283 οὓς
652 3203 718 3270 ἐκεῖ
740 3201 944 3286 διόμνυσθαι
961 3200 1101 3284 νόμιμόν
1117 3202 1198 3281 ἐστι,
1221 3229 1277 3270 κα-

273 3449 289 3500 9
311 3441 417 3511 μόδιοιι
441 3460 504 3498 corr.
523 3443 633 3496 Gibbon.
656 3473 691 3484 -
715 3445 746 3496 10
763 3433 818 3506 όπη
836 3444 858 3495 Α
877 3473 909 3482 -
927 3439 1070 3513 καταφυγὴ
1088 3442 1118 3496 N.
1140 3471 1174 3482 —-
1196 3443 1242 3507 44,
1263 3447 1274 3496 1

222 3509 311 3584 ράφαι
328 3514 377 3566 del.
390 3512 491 3577 Βείελε,
506 3527 554 3564 om.
568 3517 587 3564 t.
605 3541 638 3550 -
656 3514 672 3564 2
690 3506 774 3579 (τόν)
791 3508 853 3564 τοδε
864 3511 951 3564 Baiter
968 3541 1001 3550 —
1019 3506 1115 3562 αὐτοῦς
1134 3526 1197 3563 corr.
1210 3510 1276 3564 Bek-

204 3531 294 3635 ίττ-
312 3586 326 3634 7
345 3585 435 3633 κατίοι
451 3581 481 3632 Α.
500 3609 532 3618 -
549 3579 595 3643 45,
613 3583 630 3632 4
647 3577 707 3631 εἶτα
725 3578 781 3630 εδδ.
794 3578 918 3632 Gebauer.
937 3608 970 3619 —
988 3583 1002 3631 7
1021 3578 1133 3632 τοῦτονε
1151 3594 1215 3632 corr.
1233 3580 1275 3630 A&

204 3679 239 3690 -
262 3653 277 3702 8
301 3645 381 3718 (δαῒ)
402 3649 533 3702 Δ.Β1εεε.
555 3677 589 3686 -
612 3647 658 3710 46,
679 3650 691 3701 1
715 3644 795 3729 ςκαί)
811 3649 872 3701 ταῖν
889 3665 918 3700 π.
936 3646 1009 3698 malit
1026 3645 1108 3700 Blass.
1126 3676 1160 3684 -
1178 3650 1193 3700 3
1211 3643 1275 3716 πρό-

204 3735 284 3786 τερον
301 3717 322 3766 Α
341 3732 392 3782 pn,
417 3731 501 3770 rasura
520 3731 583 3768 corr.
606 3745 641 3755 —
662 3718 680 3770 4
696 3731 745 3768 ται
761 3712 831 3767 κατά
848 3715 908 3768 τοῖν
925 3714 956 3780 Ν,
974 3715 1006 3767 τί.
1026 3715 1043 3767 G
1061 3717 1184 3782 p.12-
1202 3712 1275 3767 ἀναί-

205 3781 256 3850 δην
273 3784 304 3836 Ν.
322 3789 387 3837 -7
407 3770 448 3836 ὧν
465 3784 510 3836 ΝΑ
526 3799 573 3850 pr„
591 3783 617 3834 in
635 3785 656 3835 Α
674 3799 760 3838 rasura
780 3800 843 3837 corr.
862 3813 895 3822 —
914 3787 928 3837 9
945 3786 1114 3853 γενομέναιει
1133 3799 1198 3836 corr.
1210 3783 1274 3834 Bek-

204 3852 251 3906 ker
272 3881 305 3890 -
324 3868 420 3907 ....σε
440 3852 461 3903 Α
479 3867 531 3918 pn,
552 3854 643 3915 ένοχοτ
659 3853 702 3906 A1.
726 3883 759 3892 -
787 3852 862 3917 47,1
883 3848 1043 3920 έπισρνικώε
1060 3851 1082 3902 Ν
1100 3867 1152 3917 pr„
1177 3853 1274 3919 ίπιωρ

204 3917 286 3972 κικαλε
301 3917 345 3984 N¹‚
362 3916 568 3990 λπιορκηκώεΑ
580 3936 627 3988 γε,
645 3938 708 3976 corr.
720 3920 799 3974 N2A2.
817 3949 850 3958 —
868 3922 884 3973 2
902 3916 965 3971 τοδε
982 3935 1057 3988 supra
1075 3935 1177 3972 versum
1196 3920 1238 3974 A1.
