2668 4558
223 187 241 245 6
666 187 847 241 ΔΕΙΝΑΡΧΟΥ

220 361 274 426 καὶ
305 357 493 444 συγγνώμης
521 357 577 424 καὶ
599 357 734 444 χάριτος
765 356 915 442 ἐτύγχανε
943 355 1036 438 παρά
1065 363 1130 422 τοῖν
1154 357 1186 423 ἐν
1211 355 1292 424 ἐκεί·

221 484 291 537 νοις
313 469 386 539 τοῖς
406 455 536 544 χρόνοις
559 462 925 542 συμπεπολιτευμένων,
949 456 987 526 ού
1007 459 1118 543 λόγοις
1141 453 1217 525 ἀλλ’
1236 461 1291 542 ἐρ-

219 587 292 648 γοις
312 561 438 646 μεγάλοι
460 561 516 648 τήν
540 561 639 628 πόλιν
663 556 776 647 ἀγαθὰ
795 562 951 650 ποιήσας,
974 560 1029 628 καὶ
1044 562 1216 644 διαμείνας
1232 561 1288 627 ἐπὶ

220 667 281 751 τής
296 665 469 742 πολιτείας
491 667 544 731 καλ
561 663 619 731 ούκ
635 664 703 731 άνω
722 667 775 731 καλ
792 665 880 731 κάτω
894 663 1159 746 μεταβαλόμενος
1175 660 1289 748 ὥσπερ

220 764 270 845 σύ,
295 764 501 852 ἐτελεύτησεν
525 765 563 831 οὗ
587 767 784 850 τηλικαύτας
805 763 861 830 τδν
884 765 988 853 δήμου
1012 764 1150 852 αἰτήσας
1167 763 1293 848 δωρεὰς

220 863 306 934 ὥστε
328 870 393 933 τῶν
416 865 525 951 νόμων
549 862 633 936 εἶναι
654 875 818 953 κρείττων,
848 864 923 932 οὐδ’
949 865 1100 950 οἰόμενος
1124 869 1191 934 δεῖν
1213 868 1293 946 τοὺς

220 963 437 1053 ὀμωμοκότας
458 971 542 1037 κατὰ
563 969 641 1050 τούς
664 971 786 1053 νόμους
809 969 913 1035 σ’ίσειν
935 968 992 1054 τήν
1013 978 1131 1056 ψῆφον
1155 969 1236 1036 ἄλλο
1259 996 1293 1036 τι

218 1079 493 1157 προυργιαίτερον
516 1079 695 1139 ποιεῖσθαι
716 1071 774 1160 τής
803 1067 984 1154 εὐσεβείας,
1015 1065 1091 1136 ἀλλ’
1117 1068 1292 1154 ύπομένων

217 1175 270 1240 καλ
293 1180 482 1258 κρίνεσθαι,
512 1173 542 1241 εί
565 1173 671 1253 δόξειε
692 1183 764 1251 τοῖς
787 1173 975 1256 δικασταῖς,
1010 1174 1063 1238 καὶ
1096 1167 1133 1240 ού
1156 1172 1292 1257 καιρούς

218 1273 329 1361 λέγων,
354 1270 427 1342 οὐδ’
452 1276 547 1360 ἐτερα
570 1279 700 1361 φρονῶν
722 1274 778 1342 καὶ
802 1276 1005 1361 δημηγορῶν.

168 1385 206 1448 18
308 1373 374 1445 Οόκ
396 1377 616 1457 ἀποκτενεῖτε,
641 1376 756 1462 άνδρες
774 1373 965 1465 Ἀθηναῖοι,
987 1377 1045 1444 τὸν
1068 1375 1190 1461 μιαρόν
1212 1380 1291 1443 τοῦ·

216 1505 273 1545 τον
302 1478 502 1563 ἄνθρωπον,
539 1475 577 1557 δς
605 1477 690 1562 πρδς
720 1480 844 1566 ἐτέρους
873 1482 1014 1558 πολλοῖς
1048 1479 1103 1546 καὶ
1132 1480 1289 1564 μεγάλοις

214 1578 429 1668 άμαρτήμασι
450 1579 505 1647 καί
528 1580 586 1666 τήν
611 1585 767 1668 Θηβαίων
790 1583 892 1649 πόλιν
914 1585 1082 1666 περιεῖδεν
1101 1579 1287 1648 ἀνάστατον

212 1682 397 1771 γενομένην,
420 1682 595 1768 τριακόσια
617 1685 761 1752 τάλαντα
785 1684 893 1769 λαβὼν
917 1685 964 1763 εἰς
985 1683 1043 1770 τήν
1067 1685 1196 1751 ἐκείνων
1220 1707 1288 1749 σω-

211 1794 326 1874 τηρίαν
349 1788 443 1874 παρὰ
471 1791 532 1854 τού
553 1791 694 1876 Περσῶν
716 1788 894 1874 βασιλέως,
927 1792 980 1855 καὶ
999 1782 1169 1872 Ἀρκάδων
1191 1783 1288 1871 ήκόν-

211 1915 277 1956 των
301 1889 492 1973 εέςἸσδμδν
515 1893 570 1958 καί
592 1892 650 1977 τήν
672 1891 732 1975 μὲν
752 1891 845 1976 παρά
856 1889 1080 1976 Ἀντιπάτρου
1103 1885 1286 1976 πρεσβείαν

212 1988 381 2077 ἄπρακτον
403 1990 684 2073 ἀποστειλάντων,
708 1993 766 2083 τήν
790 1994 826 2060 δὲ
848 1993 941 2078 παρὰ
962 1997 1117 2079 Θηβαίων
1139 1994 1204 2058 τοῖν
1227 2017 1287 2058 τα-

169 2085 176 2094 *
211 2095 391 2179 λαιπιόρων
414 2099 697 2179 προσδεξαμένων,
730 2099 763 2162 οἳ
784 2097 867 2164 κατά
890 2095 1062 2163 θάλατταν
1084 2095 1182 2179 μόλις
1204 2088 1286 2180 άφί-

212 2220 306 2262 κοντο
329 2195 414 2280 πρός
437 2197 589 2278 ἐκείνους,
615 2197 777 2284 ἱκετηρίαν
802 2199 928 2280 ἔχοντες
950 2199 1004 2265 καὶ
1025 2197 1179 2283 κηρύκεια
1202 2221 1285 2278 συμ-

162 2301 434 2382 19πεπλεγμένα,
465 2298 511 2376 οῖς
533 2299 676 2386 ἐφασαν,
709 2300 743 2366 ἐκ
771 2302 835 2364 τῶν
859 2299 1010 2378 θαλλῶν,
1041 2299 1189 2380 ἐροῦντες
1211 2304 1285 2376 τοῖς

204 2394 360 2483 ’Λρκάσιν
391 2396 444 2467 ότι
471 2399 511 2467 σύ
536 2399 594 2488 τήν
616 2400 704 2486 πρός
725 2397 802 2477 τούς
816 2396 974 2484 Ἕλληνας
996 2400 1112 2485 φιλίαν
1137 2402 1285 2482 Θηβαῖοι

209 2502 364 2569 διαλῦσαι
391 2502 589 2587 βουλόμενοι
616 2513 690 2582 τοῖς
718 2501 910 2587 πράγμασιν
938 2500 1178 2587 ἐπανέστησαν,
1203 2495 1280 2566 οὐδ’

209 2602 355 2672 ἐναντίον
382 2607 447 2672 τῶν
474 2600 631 2692 Ἑλλήνων
660 2599 754 2672 οόδέν
784 2604 980 2689 πράξοντες,
1012 2597 1097 2670 άλλὰ
1124 2601 1166 2669 τά
1192 2596 1280 2682 παρ’

208 2703 322 2785 αύτοῖς
336 2702 404 2774 ύπὸ
420 2711 484 2774 τῶν
500 2707 706 2776 Μακεδόνων
729 2707 761 2775 ἐν
784 2711 826 2796 τῇ
849 2707 948 2775 πόλει
970 2706 1144 2792 γινόμενα
1167 2710 1282 2791 φέρειν
1315 2709 1316 2712 ’

208 2807 316 2877 οόκέτι
339 2809 523 2891 δυνάμενοι,
553 2810 630 2880 οόδέ
651 2811 710 2898 τὴν
733 2812 883 2878 δουλείαν
907 2809 1096 2892 ὑπομένειν,
1121 2806 1200 2876 οὐδὲ
1221 2809 1282 2887 τὰς

206 2905 317 2996 όβρεις
340 2907 438 2997 δρᾶν
460 2913 535 2991 τάς
558 2911 605 2992 είς
625 2912 668 2980 τά
690 2912 852 3000 ἐλεύθερα
874 2911 1012 2995 σώματα
1030 2914 1214 2995 γινομένας,
1237 2948 1279 2960 -

156 3019 197 3082 20
208 3006 258 3090 οἷς
281 3013 421 3097 ἑτοίμων
443 3021 625 3099 γενομένων
647 3023 714 3081 τοῖν
733 3013 903 3098 Ἀρκάδων
926 3019 1083 3100 βοηθεῖν,
1113 3010 1169 3079 καὶ
1191 3012 1281 3098 ἐλεη-

207 3114 336 3181 σάντων
360 3117 392 3183 ἐν
417 3110 468 3194 οἷς
491 3105 574 3203 ἦσαν
597 3122 718 3198 κακοῖς,
747 3119 799 3183 καὶ
824 3115 966 3203 φανερὸν
989 3113 1203 3202 ποιησάντων
1228 3111 1280 3180 ότι

275 3274 290 3324 2
309 3267 473 3342 ί.τύγχανεν
496 3272 584 3340 Npr.,
607 3272 738 3344 ἐτύγχανε
755 3271 798 3324 Νλ.
821 3300 854 3308 -
877 3274 892 3324 3
914 3267 1279 3339 συμπεπολι....με’νωνΝ

206 3356 252 3408 pn,
277 3337 570 3407 συμπεπολιτευμένων
587 3341 630 3402 N2,
654 3336 928 3406 συμπολιτευομένων
949 3341 995 3403 At,
1020 3339 1052 3392 cf.
1072 3340 1089 3390 G
1114 3353 1139 3404 p.
1158 3342 1182 3390 λ.
1207 3366 1238 3376 -
1263 3342 1277 3390 5

205 3407 263 3474 τῆς]
290 3425 306 3470 η
329 3409 356 3459 in
377 3423 464 3460 rasura
488 3410 523 3459 Αι
547 3438 580 3446 —-
602 3408 650 3473 τῆε
673 3401 789 3526 ήηιῦτῆε)
813 3405 874 3460 πολ.
899 3408 980 3461 Cobet
1001 3436 1035 3446 -
1061 3400 1279 3473 μεταβαλόμενοε

207 3479 266 3560 (sic)
287 3473 309 3526 A
327 3491 374 3542 pr„
391 3471 626 3544 μεταβαλλόμενος
642 3476 677 3527 A¹
702 3513 709 3528 .
727 3504 761 3514 —·
779 3479 794 3530 8
814 3473 999 3544 ὠμωμοκιῗταε
1015 3473 1037 3526 Α
1053 3489 1101 3542 με,
1118 3489 1182 3526 corr.
1195 3472 1230 3523 Α2
1244 3502 1278 3510 -

206 3541 271 3595 αλλο
295 3547 426 3596 τι....9
450 3539 587 3610 εὐσεβείας
613 3559 689 3611 supra
712 3559 814 3596 versum
841 3545 877 3595 A¹
899 3575 933 3584 —
956 3547 1166 3614 πουργιαίτερον
1189 3541 1212 3594 N
1232 3557 1277 3608 pr„

206 3627 270 3665 corr.
288 3611 324 3662 N’
341 3641 374 3649 —
392 3605 540 3677 δπομένων
557 3611 774 3681 κατακρίνεσθαι
790 3611 864 3665 Wolf
880 3619 900 3665 t.
922 3642 955 3650 -
982 3616 1012 3664 10
1031 3607 1135 3672 δόξειεν
1152 3609 1175 3661 Ν
1193 3625 1238 3676 pn,
1261 3625 1278 3658 ν

205 3694 315 3733 erasum.
333 3680 456 3742 -18,9
474 3677 600 3752 κηρύκεια
617 3679 676 3732 N'A
688 3695 735 3747 pr„
753 3679 882 3750 ιι.ρύκεια
894 3680 917 3732 Ν
929 3695 975 3747 με,
993 3681 1020 3730 in
1038 3681 1060 3730 A
1079 3697 1092 3728 ε
1110 3693 1217 3740 erasum,
1234 3695 1277 3740 νη-

223 3744 285 3797 ύκια
302 3755 321 3798 t.
339 3777 373 3786 -
395 3747 439 3812 19,
459 3751 471 3802 1
491 3744 612 3801 δαλοῖν
629 3747 665 3808 Ν,
689 3763 740 3800 una
758 3749 832 3801 litera
850 3763 921 3800 erasa
941 3777 974 3786 -
991 3742 1220 3815 συμπεπλεγμένα

205 3765 323 3867 ἐθαλλοῖν
341 3815 390 3868 del.
409 3815 520 3883 Sauppe.
538 3845 570 3854 -
597 3820 612 3870 5
631 3810 734 3868 αύτοῖτε
757 3832 819 3870 corr.
835 3815 947 3872 Βοίδιον.
965 3844 998 3853 -
1017 3819 1032 3868 5
1049 3810 1195 3884 γενόμεναι
1214 3827 1275 3864 corr.

205 3881 239 3934 Μ.
258 3911 290 3921 -
310 3887 325 3935 7
343 3877 461 3952 δρῶντες
477 3883 536 3936 AN:
559 3899 622 3936 corr.
640 3883 742 3938 Βοίδιον
759 3915 793 3923 -
809 3886 961 3955 γινομένας.
980 3887 999 3936 t.
1020 3911 1053 3921 ·-
1075 3881 1122 3944 20,
1141 3886 1153 3934 1
1172 3880 1275 3948 βοηθη-

204 3948 318 4002 σάντων
335 3952 365 4002 ἐν
383 3953 405 4002 Α
422 3968 469 4019 pr„
486 3967 550 4004 corr.
569 3953 612 4004 ΑΙ.
