2668 4558
240 201 293 254 VIII
421 199 549 253 GAUSAE
568 201 771 254 IIARPALICAD
789 199 977 255 DESCRIPTIO
995 201 1121 254 nunus„

239 375 406 451 Thibrone,
434 376 685 438 mercenariorum
707 377 797 451 duce,
820 377 992 438 interiectus
1013 384 1071 452 est;
1104 383 1191 455 atque
1212 393 1315 454 pecu-

240 480 321 553 niae,
348 496 414 539 cum
437 477 582 558 Harpalus
604 479 712 539 talenta
734 478 921 558 septingenta
943 497 975 540 se
996 478 1126 540 attulisse
1152 478 1314 557 professus

239 591 329 656 esset,
356 599 424 660 pars
444 581 563 641 dimidia
586 582 647 642 iere
671 581 702 641 iu
724 599 792 642 aree
814 581 946 660 deposita
969 591 1025 656 est,
1047 581 1206 660 reliquam,
1230 599 1314 659 quae

238 685 347 757 deerat,
369 683 587 762 magistratibus
608 683 780 762 civibusque
794 685 870 764 appd
886 683 1002 763 plebem
1017 683 1190 763 potentibus
1205 683 1314 744 distri-

239 788 338 849 butam
361 805 424 849 esse
446 786 575 866 suspicio
590 795 661 847 erat.
698 787 759 847 lam
774 786 912 866 populus,
936 787 1015 865 quod
1037 794 1133 849 metus
1151 785 1323 884 incideratp

239 909 278 950 ne
299 909 351 951 rex
372 876 462 951 totius
484 907 615 951 summae
637 889 767 951 rationes
788 888 824 948 ab
841 889 1065 951 Atheniensium
1080 890 1196 950 civitate
1217 907 1314 971 repe·

239 1002 324 1066 teret,
347 992 474 1073 primum
497 993 634 1067 decrerit,
656 1000 690 1052 ut
712 992 761 1071 qui
785 991 941 1070 pecuniam
956 991 992 1052 ab
1009 991 1136 1072 llarpalo
1152 1003 1323 1072 acceptam,

239 1093 356 1172 publice
389 1093 577 1156 tradidissent
610 1111 707 1173 poena
729 1092 938 1166 liberarentur,
966 1102 1043 1166 tum,
1073 1112 1139 1154 cum
1162 1093 1313 1174 pleraque

238 1194 379 1269 laterent,
409 1195 584 1274 rogantibus
606 1194 820 1267 Demosthene,
850 1194 989 1268 Philocle,
1019 1195 1082 1256 aliis
1104 1195 1207 1274 populi
1231 1198 1313 1258 scito

239 1297 483 1377 Areopagitarum
498 1297 622 1376 collegio
640 1298 805 1372 mandatur,
829 1307 862 1359 ut
883 1315 946 1358 eam
969 1298 999 1358 iu
1023 1316 1084 1358 rem
1108 1299 1314 1377 inquirerent,

239 1419 412 1480 poenaeque
434 1400 492 1461 reis
513 1399 699 1479 gravissimae
722 1400 891 1478 irrogantur
913 1401 991 1480 (Diu.
1014 1400 1063 1476 Ill,
1087 1401 1128 1477 5).
1172 1400 1323 1483 Areopa-³

201 1563 203 1570 ,
239 1503 324 1580 gitae,
350 1513 507 1582 postquam
529 1520 583 1581 por
604 1520 721 1564 menses
744 1521 794 1564 sex
818 1503 1019 1583 quaestionem
1041 1512 1204 1578 traxerunt,
1228 1505 1313 1566 indi·

239 1623 304 1665 cem
326 1624 438 1682 eorum,
462 1605 512 1684 qui
529 1606 670 1685 pecunias
684 1605 720 1666 ab
736 1604 862 1687 llarpalo
885 1605 1007 1668 donatas
1030 1606 1169 1678 celarent,
1191 1607 1227 1667 ad
1257 1629 1323 1688 po-1

238 1708 341 1787 pulum
363 1709 541 1784 detulerunt,
563 1709 709 1789 adscripta
731 1728 853 1784 summa,
876 1727 963 1788 quarn
987 1709 1111 1788 quisque
1127 1710 1313 1790 accepisset:

238 1809 269 1871 in
293 1810 338 1872 bis
359 1812 588 1874 Demosthenem
611 1811 722 1892 viginti,
752 1811 839 1873 alium
863 1810 1031 1889 quindecim
1054 1811 1175 1886 talenta,
1198 1811 1302 1875 Dema

239 1913 303 1973 dem
326 1915 478 1976 sexmilia
501 1933 654 1975 nummum
677 1933 849 1989 aureorum,
872 1913 1103 1993 Aristogitonem
1125 1914 1228 1993 viginti
1254 1919 1314 1978 mi-

240 2034 292 2076 nas
314 2017 444 2078 retinere
465 2017 682 2092 indicaverunt,
713 2019 843 2080 rationes
870 2036 954 2091 vero,
985 2035 1039 2078 cur
1061 2016 1185 2096 quisque
1208 2022 1313 2099 suspi-

118 2153 123 2163 ·
240 2118 325 2179 eione
354 2128 552 2200 premeretur,
582 2120 677 2180 nullas
706 2120 890 2182 addiderunt.
939 2120 1014 2180 Tum
1042 2119 1170 2199 populus
1200 2124 1315 2183 creatis

240 2220 459 2282 accusatoribus
481 2221 595 2294 decem,
614 2221 643 2281 in
669 2221 774 2299 quibus
796 2220 958 2300 Hyperides
981 2229 1011 2282 et
1032 2222 1190 2283 Stratocles
1212 2223 1323 2298 erant,

242 2322 403 2396 constituit,
426 2330 460 2382 ut
481 2322 523 2383 rei
539 2321 570 2382 iu
585 2321 726 2382 iudicium
741 2321 967 2382 deducerentur.
1007 2321 1230 2396 Demosthenes,
1257 2328 1315 2404 qui

239 2424 353 2504 pmmus
376 2425 406 2485 iu
429 2423 475 2486 ius
497 2431 617 2484 vocatus
640 2432 698 2499 est,
728 2421 824 2503 primo
848 2423 1015 2495 confessus,
1042 2429 1077 2482 ut
1097 2422 1185 2482 iactat
1206 2422 1322 2502 Hypes

239 2526 355 2606 perides
377 2527 411 2604 (l,
430 2527 466 2590 13
483 2525 561 2604 (5)),
584 2544 616 2587 se
637 2525 794 2605 pecuniam
816 2523 974 2604 acccpIsse,
999 2532 1148 2603 acceptam
1170 2541 1240 2584 vero
1266 2527 1322 2614 reii

239 2629 373 2708 publicae
395 2629 675 2704 subministravisse,
704 2636 806 2708 postea
834 2628 950 2708 culpam
982 2644 1093 2705 negans
1122 2615 1322 2690 aiudicibus‘

239 2731 318 2792 mille
347 2732 516 2812 quingentis
544 2732 758 2794 condemnatus
787 2741 817 2794 et
844 2731 1059 2812 quinquaginta
1087 2729 1204 2790 talentis
1229 2732 1310 2791 mul-

239 2843 316 2895 tatus
338 2843 391 2897 est.
429 2835 510 2904 Quae
532 2853 601 2897 cum
623 2836 736 2898 solvere
758 2855 818 2898 non
842 2844 950 2915 posset,
972 2835 1003 2895 in
1021 2832 1136 2893 viucula
1153 2831 1311 2894 coniectus

239 2946 307 3015 post
333 2938 395 3000 dies
423 2956 533 3019 paucos
562 2939 665 3017 effugit
694 2947 724 3000 et
751 2938 901 2998 Troezena
930 2936 961 2997 in
984 2935 1102 2996 exilium
1125 2934 1204 2996 abiit.
1250 2935 1309 2997 Da·

238 3039 330 3100 mnati
351 3050 422 3102 sunt
444 3041 513 3102 item
535 3042 679 3103 Philocles
706 3049 736 3102 et
757 3041 914 3112 Demades,
944 3038 1125 3116 Aristogiton
1153 3037 1308 3100 absolutus

239 3161 303 3204 esse
323 3142 445 3206 videtur.
489 3144 581 3207 Causa
607 3154 670 3207 acta
692 3152 737 3206 est
758 3161 838 3204 anno
861 3139 1151 3206 coematur.
